1843 3198
220 201 336 254 xviii
409 220 926 257 SUPPLEMENTUM
961 222 1044 257 AD
1080 220 1568 257 PRAEFATIONEM.

219 423 380 494 Soph.
411 425 499 494 Aj.
530 430 579 476 5.
624 423 780 477 Πάλαι
807 426 1135 490 κυνηγετοῦντα
1154 422 1234 476 καὶ
1259 422 1562 498 μετρούμενον.

218 512 407 584 Eurip.
443 513 575 566 Hec.
611 517 695 566 14.
734 512 1089 585 “Ύπεξὲπεμψεν
1114 511 1213 566 οὔτε
1240 514 1330 586 ’γοέρ
1356 511 1495 588 φέρειν
1518 509 1674 564 ἵπλον.

288 673 387 727 Sed
413 696 527 727 cum
553 694 629 728 res
658 691 791 729 esset
817 678 1051 731 immensi
1080 678 1266 748 operis,
1288 691 1340 729 et
1366 689 1503 728 certe
1525 676 1592 727 ab
1611 675 1711 727 isto

212 783 452 818 versuum
484 785 692 837 genere,
721 770 858 839 quod
888 789 1174 820 sermonem
1199 767 1554 840 quotidianum
1579 786 1711 837 quo-

211 856 490 909 dammodo
519 858 804 928 exprimere
827 859 1074 920 debebat,
1103 857 1427 920 alienissima,
1454 875 1607 927 puros
1635 873 1709 907 se-

212 945 376 998 narios
403 947 642 1009 scribere,
684 948 813 1000 duas
846 947 1075 1001 licentias
1104 949 1471 1020 excogitabant
1499 945 1711 998 Iambo-

209 1037 425 1107 graphi3
455 1041 678 1109 priorem
705 1037 917 1100 scilicet,
949 1049 1004 1090 ut
1031 1039 1315 1108 spondeum
1343 1036 1395 1088 in
1422 1034 1708 1106 imparibus

209 1125 336 1177 locis
354 1127 709 1190 admitterent,
730 1129 964 1190 alteram,
988 1139 1043 1180 ut
1066 1146 1159 1199 pro
1186 1128 1359 1178 iambo
1389 1125 1709 1196 tribrachyn,

208 1227 387 1287 utpote
416 1218 732 1289 temporibus
759 1217 1025 1290 aequalem,
1052 1216 1423 1270 substituerent
1446 1234 1459 1267 ε
1502 1215 1591 1266 sed
1619 1213 1709 1265 has

206 1305 436 1359 licentias
461 1318 657 1360 veteres
683 1307 764 1360 isti
793 1308 1095 1360 lamborum
1138 1305 1427 1376 scriptoreS,
1468 1303 1710 1356 Archilo-

207 1394 361 1446 chum
392 1394 530 1457 dico,
556 1394 820 1459 Solonem,
849 1410 900 1449 et
922 1396 1260 1459 Simonidem,
1284 1393 1482 1467 parcius
1505 1393 1605 1445 sibi
1631 1395 1730 1447 in-⁷

206 1484 524 1555 dulgebant;
565 1486 730 1538 multo
760 1487 1078 1559 frequentius
1103 1485 1346 1557 Tragici;
1388 1483 1593 1538 Comici
1619 1483 1709 1535 de-

207 1573 375 1646 nique,
403 1575 587 1647 quibus
616 1576 931 1647 propositum
975 1587 1104 1639 erat,
1149 1594 1253 1627 non
1291 1575 1453 1626 solum
1494 1572 1710 1625 familia-

207 1682 332 1726 rem,
360 1664 448 1715 sed
482 1664 637 1716 etiam
679 1663 1127 1720 familiarissimum
1169 1685 1461 1719 sermonem
1499 1664 1707 1725 imitari,

204 1752 488 1806 laxissimos
515 1753 792 1826 aliquando
820 1774 1059 1807 numeros
1086 1755 1455 1808 admittebant.

274 1842 481 1914 Tragici
508 1844 681 1914 igitur,
704 1856 887 1916 praeter
906 1844 1138 1897 iambum
1161 1855 1213 1897 et
1234 1844 1555 1914 tribrachyn,
1578 1861 1705 1914 quos

203 1951 319 1983 cum
349 1931 556 2002 paribus
583 1932 705 1984 locis
747 1953 1048 1988 communes
1090 1935 1377 1996 habebant,
1417 1932 1705 2004 spondeum

203 2021 358 2073 etiam
376 2022 428 2073 in
451 2023 636 2092 primO,
655 2024 824 2086 tertio,
846 2034 898 2076 et
918 2024 1096 2096 quinto
1121 2025 1454 2095 usurpabant.
1516 2021 1706 2075 Postea

204 2113 343 2164 hunc
369 2113 654 2183 spondeum
681 2113 731 2165 in
755 2113 920 2184 primo
948 2114 1078 2178 loco,
1102 2123 1255 2187 prout
1283 2133 1360 2166 res
1382 2113 1600 2174 ferebat,
1628 2111 1705 2163 vel

203 2203 255 2254 in
277 2201 543 2269 dactylum
573 2202 651 2253 vel
688 2202 740 2253 in
778 2213 1095 2274 anapaestum
1136 2201 1483 2262 dissecabant,
1520 2198 1572 2250 in
1601 2210 1705 2275 ter-

203 2293 276 2345 tio
309 2292 423 2344 loco
464 2303 664 2344 tantum
705 2291 758 2344 in
797 2283 1083 2363 dactylum,
1126 2292 1176 2343 in
1220 2289 1404 2362 quinto
1444 2307 1609 2361 neque
1650 2288 1705 2341 in

203 2392 517 2453 anapaestum
548 2400 712 2453 neque
737 2385 789 2433 in
818 2382 1106 2453 dactylum.
1175 2380 1255 2431 Ac
1277 2379 1341 2431 de
1363 2377 1573 2446 dactylo
1593 2375 1706 2449 qui-

201 2471 320 2523 dem
352 2489 428 2522 res
452 2470 582 2522 adeo
610 2469 852 2543 expedita
876 2482 931 2522 et
957 2469 1117 2522 facilis
1143 2480 1239 2530 est,
1279 2479 1335 2520 ut
1371 2466 1457 2519 vix
1486 2465 1584 2518 tria
1619 2485 1704 2517 ex-

201 2562 370 2629 empla
394 2558 729 2629 reperiantur,
753 2579 865 2631 quae
893 2560 1013 2612 huic
1046 2557 1233 2630 regulae
1272 2556 1480 2609 obstare
1520 2554 1598 2606 vel
1625 2554 1700 2605 vi-

200 2650 436 2702 deantur.
518 2649 761 2721 Euripidi
788 2649 996 2720 quidem
1022 2649 1259 2701 tribuunt
1291 2646 1399 2699 Viri
1421 2644 1565 2698 docti
1588 2655 1702 2697 tan-

196 2757 359 2810 quam
387 2738 664 2811 Hippolyti
686 2739 860 2800 verba,
883 2759 912 2790 a
933 2739 1188 2801 Zenobio,
1214 2735 1564 2808 Diogeniano‚
1585 2733 1702 2787 Sui-

193 2831 283 2893 da,
311 2842 362 2881 et
391 2830 681 2900 Apostolio,
710 2829 761 2880 in
792 2828 1180 2900 proverbiorum
1209 2844 1481 2879 numerum
1522 2823 1700 2885 relata,

1086 2930 1113 2965 2
