1891 3230
755 231 1105 268 PRAEFATIO.
1640 215 1706 268 vii

191 335 373 389 habet.
454 331 745 406 Nunquam
773 333 911 386 enim
943 330 1232 408 κρεωδαισία,
1264 341 1546 407 κρεωκοπεῖν,
1574 355 1707 407 κρεω-

190 425 365 488 πιᾶλης,
392 421 690 498 κρεωστοίθμη
712 423 897 477 dicunt
924 421 1110 485 Attici,
1139 421 1229 473 sed
1262 421 1473 473 brevem
1503 441 1708 494 semper

190 514 434 568 vocalem
461 513 745 566 adhibent.
829 512 906 565 Et
934 533 997 565 ne
1026 512 1138 584 quis
1166 509 1408 580 objiciat,
1444 510 1612 563 editos
1648 511 1708 562 li-

195 607 315 659 bros
333 606 469 658 hanc
487 604 660 676 legem
679 623 819 676 saepe
838 603 1083 675 migrare,
1107 601 1238 656 sciat
1258 601 1422 654 lector
1445 622 1707 676 nusquam

191 696 309 749 haec
348 707 443 749 aut
482 694 672 748 similia
711 696 875 748 verba
919 694 1059 766 apud
1103 691 1374 746 Pollucem
1418 711 1708 753 occurrere,

190 785 316 859 quin
345 785 398 837 in
425 805 531 839 uno
559 786 743 839 saltem
775 784 902 841 MS.
931 810 954 838 ο
982 804 1074 857 pro
1101 809 1134 838 ω
1160 784 1526 838 substituatur.
1609 783 1710 836 Di-

189 894 336 927 versa
362 875 533 928 forma
561 886 639 928 est
664 875 926 948 κρεανομίοι,
953 895 1048 948 pro
1068 896 1171 949 qua
1193 875 1328 948 apud
1361 874 1631 928 Pollucem
1662 871 1709 925 I.

192 965 281 1015 34.
323 975 376 1015 et
419 962 752 1019 Clementem
793 966 952 1019 Alex.
996 965 1171 1019 Protr.
1214 986 1264 1037 p.
1308 972 1394 1027 11,
1440 970 1529 1024 17.
1574 961 1711 1014 male

190 1054 439 1124 scriptum
486 1068 564 1107 est
601 1054 865 1132 κρεωνομίοι.
928 1054 1071 1118 Sed,
1109 1068 1168 1107 ut
1217 1055 1415 1117 redeat,
1454 1053 1591 1106 unde
1633 1051 1711 1104 di-

190 1162 367 1215 gressa
394 1158 471 1197 est
499 1145 688 1209 oratiO,
717 1143 953 1198 Wassius
982 1145 1053 1198 ad
1074 1143 1322 1215 Thucyd.
1346 1143 1424 1196 II.
1453 1147 1540 1195 84.
1572 1141 1712 1195 hunc

190 1234 434 1303 AEschyli
475 1236 646 1290 locum
681 1235 916 1298 laudans,
945 1233 1323 1308 κεροτυπούμεναι
1352 1231 1551 1296 scribit,
1566 1232 1711 1305 judi-

191 1327 270 1380 cio
298 1347 362 1379 an
392 1345 583 1388 errore,
613 1323 804 1378 nesciO.

266 1415 511 1488 Choeph.
534 1418 662 1469 4521.
744 1413 846 1467 Vel
875 1427 1180 1486 transpone,
1206 1410 1376 1481 '‘Enotlt’
1404 1409 1571 1487 ’Ἄρειον
1598 1436 1710 1484 κομ-

189 1504 290 1577 μὸν,
332 1507 410 1559 vel
454 1508 588 1579 lege,
630 1507 774 1580 quod
815 1506 1132 1559 sententiam
1191 1505 1374 1558 melius
1419 1504 1710 1566 connectit,

191 1597 380 1667 Κομμόν
407 1595 447 1648 δ’
476 1595 608 1663 ἐ’κοψ’
625 1596 806 1673 νΑρειον.

506 1687 635 1741 654.
666 1686 804 1740 Cum
825 1685 995 1738 Aldus
1014 1698 1069 1739 et
1088 1684 1427 1739 Robortellus
1448 1686 1713 1740 ediderint

191 1773 388 1841 φιλόξεν’
407 1774 547 1841 ἔστιν,
577 1777 676 1830 levi
699 1777 992 1830 mutatione
1015 1777 1318 1848 legendum,
1347 1775 1557 1842 φιλοξὲνη
1579 1775 1710 1828 ἰν-τιν.

192 1867 371 1941 Hujus
398 1867 588 1921 erroris
628 1867 848 1921 similem
891 1887 1000 1920 non
1045 1887 1158 1920 raro
1194 1867 1451 1920 admisere
1495 1867 1711 1928 librarii,

190 1958 350 2012 nescii
377 1958 573 2012 scilicet
600 1958 811 2031 longam
840 1958 1078 2011 vocalem
1099 1957 1222 2010 elidi
1248 1977 1352 2010 non
1372 1977 1540 2028 posse.
1599 1957 1710 2010 De-

190 2048 384 2101 derunt
411 2048 569 2121 igitur
605 2047 788 2125 *ygoipqa'
819 2047 938 2113 ἔστι,
971 2047 1094 2125 χξεῗ
1123 2047 1265 2112 ἔστιν,
1298 2047 1428 2124 ‘Egla’
1464 2046 1711 2119 ἓμπολοιῒε,

190 2156 308 2203 cum
336 2139 536 2209 *γραμμή
565 2136 673 2201 ὀ-τι,
713 2136 852 2215 χρεία
879 2137 1010 2201 ’σν-ιν,
1049 2138 1201 2214 Ἓρμοῖ
1230 2141 1469 2210 ’μπολοιῒε,
1513 2137 1711 2190 debue-

191 2238 328 2280 rant.
395 2227 692 2281 Fatendum
717 2239 796 2281 est
818 2228 1030 2301 quidem
1058 2228 1269 2280 Atticos
1293 2226 1595 2300 hujusmodi
1619 2246 1711 2279 no-

190 2317 331 2370 mina
349 2319 653 2392 plerumque
677 2339 929 2390 generum
951 2319 1174 2372 duorum
1198 2316 1502 2372 communia
1520 2318 1709 2370 facere.

191 2404 321 2459 Non
348 2428 557 2481 semper
587 2424 762 2462 tamen
794 2410 929 2462 hanc
968 2409 1203 2481 regulam
1244 2418 1451 2461 servant
1490 2419 1708 2460 veteres,

187 2493 475 2567 Theognis,
506 2498 556 2550 in
587 2497 698 2570 ipso
740 2498 905 2562 initio,
937 2497 1127 2575 ’Ἄρτεμι
1169 2496 1389 2574 θηροφόνη,
1430 2497 1572 2569 quod
1613 2496 1711 2548 im-

188 2584 352 2656 perite
396 2585 693 2641 Brunckius
735 2589 992 2649 mutavit;
1038 2586 1293 2654 πολυξέναν
1338 2586 1534 2653 Αἴγιναν
1574 2585 1711 2639 dixit

189 2674 450 2728 Pindarus
479 2674 642 2730 Nem.
672 2677 781 2731 III.
808 2683 859 2730 3.
886 2675 1146 2744 πολύξειναι
1172 2675 1353 2737 νεάνιδες
1373 2677 1511 2748 apud
1537 2676 1708 2731 Athe-

189 2784 366 2818 naeum
389 2765 568 2819 XIII.
598 2787 647 2839 p.
675 2772 802 2830 574.
832 2769 902 2822 A.

265 2854 562 2911 Eumenld.
594 2857 722 2918 896.
803 2858 966 2921 Ποία-ης
985 2855 1182 2928 οἷπῆμοιῖ
1204 2855 1366 2928 οἰζύος·
1396 2857 1532 2925 δέχου
1560 2854 1603 2911 δὲ
1631 2855 1704 2909 σύ.

190 2945 359 3001 Attici
389 2969 591 3021 semper
618 2946 740 3018 οἶζῦς
765 2949 1027 3012 dixerunt,
1059 2968 1165 3001 non
1193 2945 1346 3019 ἇϊξῦς;
1386 2947 1572 3024 οἶζυρός,
1602 2967 1705 3001 non
