1891 3230
730 207 1067 244 PRAEFATIO.
1606 200 1659 252 xi

150 329 264 385 cem
307 310 625 374 exscribunt,
665 312 789 364 dum
834 314 902 366 ad
944 316 1098 366 finem
1141 309 1308 383 operis
1356 328 1652 384 properant,

149 419 282 470 saepe
306 400 592 472 negligunt.
659 401 942 455 Tutissima
968 403 1184 475 proinde
1207 402 1500 474 corrigendi
1524 405 1651 456 ratio

148 502 243 552 est,
274 490 591 553 vocularum,
618 490 658 542 si
685 512 812 563 opus
840 505 936 552 est,
968 489 1315 562 transpositiO.

154 636 156 639 .
221 577 502 642 Licentiae,
520 599 673 650 quam
698 580 749 631 in
766 579 1000 632 dialectis
1014 580 1112 633 sibi
1131 580 1410 651 permisere
1422 580 1652 654 Tragici,

148 671 276 722 fines
297 678 539 722 accurate
567 669 881 722 constituere
909 669 1210 740 perdifficile
1239 682 1348 723 est:
1393 669 1650 726 Ionismos

148 772 320 814 tamen
350 760 602 833 quosdam
629 759 948 824 adhibuisse,
976 761 1065 813 sed
1099 779 1253 831 parce
1282 772 1336 812 et
1357 781 1489 826 rar0,
1507 777 1652 817 extra
1678 774 1681 810 J

148 849 556 904 controversiam
586 861 681 901 est.
762 847 1029 901 Dixerunt
1067 849 1242 921 utique
1269 848 1390 916 ξένος
1415 865 1469 905 et
1496 852 1650 920 ξεῖνος,

144 940 274 1011 μόνος
299 955 352 993 et
375 939 546 1010 μοῦνος,
571 937 753 1005 γόνατα
783 952 836 991 et
861 937 1086 1006 γούνατα,
1120 938 1238 1014 κέρας
1264 952 1316 992 et
1354 943 1521 1016 κοῦρος,
1563 944 1650 1021 δορὶ

146 1037 200 1081 et
220 1027 354 1105 δουρί.
428 1028 608 1081 Plures
625 1048 746 1081 vero
763 1047 827 1080 ex
855 1027 1091 1079 Homero
1113 1028 1308 1081 invexit
1325 1030 1654 1086 librariorum

144 1119 366 1172 inscitia.
434 1118 666 1172 Dialecti
686 1118 921 1180 Doricae,
943 1117 1112 1170 choris
1136 1118 1500 1184 usitatissimae,
1525 1123 1654 1176 ratio
1681 1135 1692 1165 Γ

143 1209 315 1281 paullo
344 1209 545 1263 facilior
572 1219 666 1273 est,
693 1229 786 1262 nec
817 1221 989 1261 tamen
1019 1209 1231 1260 omnino
1261 1224 1421 1263 certa.
1503 1211 1653 1265 Nulli

143 1299 281 1351 enim
312 1300 532 1363 codices,
563 1320 626 1351 ne
649 1298 833 1371 optimi
862 1298 1094 1371 quidem,
1127 1297 1351 1352 Doricus
1374 1300 1571 1355 formas
1600 1302 1652 1355 in

143 1386 339 1439 melicis
360 1401 657 1440 constanter
679 1387 920 1441 retinent.
1000 1388 1102 1442 Sed
1129 1389 1265 1441 hanc
1291 1390 1524 1462 regulam
1546 1412 1652 1444 ser-

146 1476 365 1529 vandum
410 1478 602 1550 putavi,
650 1490 704 1530 nt
746 1498 851 1541 eaS,
897 1478 1189 1551 ubicunque
1225 1480 1304 1532 vel
1335 1501 1464 1534 unus
1492 1485 1650 1536 modo

144 1587 247 1619 non
275 1568 505 1638 pessimae
548 1582 683 1621 notoe
723 1571 887 1622 codex
914 1571 1195 1640 praeberet,
1226 1569 1277 1622 in
1316 1582 1459 1625 textu
1499 1592 1651 1646 repo-

143 1678 340 1710 nerem.
418 1658 480 1710 In
510 1658 763 1731 plerisque
790 1658 931 1712 enirn
962 1657 1150 1722 MSS„
1176 1658 1263 1710 ubi
1295 1659 1347 1711 in
1377 1673 1651 1716 contextus

135 1748 271 1819 'serie
302 1747 501 1801 Dorica
530 1749 696 1801 forma
717 1759 904 1809 exstat,
933 1747 1117 1800 Attica
1145 1748 1224 1799 vel
1252 1751 1541 1803 communis
1568 1774 1651 1806 su-

142 1839 428 1911 prascripta
452 1852 548 1891 est.
637 1838 795 1891 Hanc
835 1838 992 1910 igitur
1031 1837 1224 1890 scribas
1266 1838 1466 1911 quoties
1502 1841 1650 1895 alteri

141 1929 423 2002 praetulisse
452 1927 699 1981 credibile
727 1929 830 1981 est!

217 2019 416 2073 Praeter
442 2018 569 2071 Aldi
598 2018 901 2082 editionem,
931 2018 1074 2089 cujus
1103 2018 1349 2071 lectiones
1379 2020 1646 2094 plerasque

140 2100 720 2179 memorandus'putavi,
744 2121 922 2180 utpote
947 2130 1006 2160 ex
1034 2108 1199 2163 MSS.
1228 2109 1334 2162 fere
1356 2131 1645 2184 expressas,

141 2202 259 2253 usus
322 2219 435 2252 sum
506 2197 843 2260 Barnesiana,
904 2198 1191 2268 Kingiana‚
1247 2197 1644 2273 lN‘Iusgravianu,

143 2288 495 2351 Brunckiana,
512 2285 803 2340 Beckiana.
836 2285 1064 2359 Kingius
1077 2288 1241 2341 multa
1258 2290 1375 2342 loca
1393 2314 1454 2346 ex
1476 2292 1642 2348 MSS.

138 2382 381 2443 correxit,
408 2378 713 2449 sedjudicio
740 2399 918 2452 parurn
947 2379 1069 2442 acri,
1099 2394 1151 2432 et
1178 2381 1243 2432 de
1268 2383 1641 2436 emendationi=

139 2469 235 2520 bus
255 2467 358 2520 suis
380 2469 624 2522 lectorem
651 2490 763 2522 raro
784 2470 1053 2522 certiorem
1080 2471 1217 2523 facit.
1271 2470 1335 2523 In
1355 2492 1405 2524 re
1428 2474 1643 2526 metrica

136 2559 361 2612 multum
388 2579 440 2611 se
458 2559 645 2630 jactat,
673 2573 725 2613 et
747 2560 1153 2614 Sclioliastarum
1180 2563 1506 2625 auctoritate,
1529 2584 1641 2636 quae

139 2649 279 2702 nulla
307 2661 403 2711 est,
449 2670 618 2702 versus
658 2650 892 2703 choricos
926 2651 1172 2722 disponit.
1254 2652 1548 2715 Interdum,
1577 2672 1640 2704 ex

138 2739 442 2809 conjectura
474 2760 613 2792 mera
639 2760 798 2813 euque
830 2740 1017 2803 fallaci,
1063 2752 1262 2793 textum
1291 2739 1640 2813 interpolavit.

139 2828 364 2884 Versum
390 2830 501 2882 416
530 2841 644 2900 post
665 2832 775 2882 414
796 2829 964 2899 posuit
990 2842 1041 2881 et
1058 2835 1166 2888 417
1191 2828 1399 2885 delevit.
1482 2833 1643 2885 Hunc

140 2939 367 2974 errorem
393 2919 625 2975 Thomas
652 2917 927 2982 MotelluS,
946 2919 1033 2991 qui
1054 2918 1241 2990 Kingii
1260 2921 1542 2976 editionem
1568 2941 1642 2973 re=

855 3009 887 3060 b
918 3018 948 3062 2
