1891 3230
581 175 1002 226 ΟΡΕΣΤΗΣ.

248 320 542 385 βάλλοντας·
585 319 671 371 ziz-0¹
698 320 731 372 δ’
763 319 890 373 ’ἔτεινε
918 320 1175 391 Τυνὸάξεως
1203 319 1370 386 λόγους

1082 176 1209 232 915.

1606 318 1687 355 905

247 398 311 462 τῷ
333 393 430 459 σφὼ
455 395 794 446 κατακτείνοντι
822 394 1041 453 τοιούτους
1064 393 1232 458 λέγειν.

245 467 396 525 οἵλλος
425 466 460 518 δ’
490 469 697 526 οἱναο-τοὶς
726 468 861 534 ’ἔλεγε
889 469 991 537 τῷδ’
1021 467 1222 559 ἐναντίοι,

243 546 399 614 μορφῇ
424 565 506 612 μεν
527 543 607 593 οὖν
638 543 817 600 evm-(35,
859 542 1051 614 ανόξεῖος
1081 541 1116 593 δ’
1145 542 1270 630 dung,

247 617 469 681 ολιγακις
497 640 619 669 oco-w
646 640 858 688 καγοξας
885 617 1073 688 χξαῖνων
1101 614 1287 674 κύκλον,

245 713 516 761 αυτθυξγος,
545 715 665 763 OPVS?
694 716 774 742 καί
784 714 946 780 μιΟΙΙΟΙΝ
951 690 1140 760 σωζθυθἾ
1171 712 1271 755 γῆν,

1606 690 1684 727 910

245 764 421 825 ξυνετος
451 764 496 816 δε
525 788 681 837 χωξειν
709 765 846 835 ὁμόσε
876 770 964 823 τοῖς
993 763 1149 830 λόγοις
1178 762 1340 822 θέλων,

94 931 198 980 dam,
234 933 304 972 sed
331 935 462 986 pauci,
491 950 554 973 και
590 935 862 1001 τιμωρουμένῳ.

96 985 345 1036 Musgravius
361 988 535 1038 conjicit,
555 989 640 1050 χερί
655 1005 674 1026 τ
707 989 859 1041 ἶωιιὲνῳ.

96 1038 318 1077 Brunckius
338 1040 472 1086 edidit,
489 1041 543 1093 τῷ
561 1055 583 1078 τ
614 1041 768 1105 ἰωμένῳ.

147 1094 237 1131 905
276 1082 524 1144 Hesychius,
549 1092 633 1131 Ὑπὸ
673 1091 700 1130 δ’
737 1093 859 1132 ἔτειν-

95 1142 318 1182 ὑπέξαλλεν.

147 1199 236 1235 906.
267 1198 547 1237 κατακτείναντι
572 1198 663 1236 Ald.
679 1205 719 1235 et
739 1198 859 1237 MSS.

94 1248 264 1300 quidam.
293 1250 435 1288 Parum
451 1251 582 1290 refert.

148 1304 239 1341 909.
269 1301 453 1355 ὀλιγακις.
512 1305 628 1342 Hanc
647 1316 783 1341 vocem
802 1303 861 1341 bis

95 1353 135 1391 in
164 1354 241 1392 hoc
269 1355 458 1403 dramate,
477 1357 541 1395 hie
562 1365 601 1395 et
625 1370 742 1407 supia
772 1358 861 1396 387.

93 1407 254 1446 adhibet
264 1408 484 1460 Euripides,
498 1410 602 1461 quod
614 1423 692 1448 non
704 1409 862 1447 memini

95 1475 119 1499 a
147 1461 325 1525 Tragicis
353 1462 443 1499 alibi
477 1470 718 1514 usurpatum.
785 1462 861 1499 Pro

95 1512 263 1566 χραίνων
283 1528 389 1560 vero,
416 1516 521 1566 quod
539 1516 685 1553 habent
707 1514 796 1552 Ald.
823 1522 863 1552 et

96 1566 253 1605 codices
303 1580 450 1614 omnes,
505 1568 653 1606 στείνων
705 1566 861 1618 pimaefeit

95 1619 362 1671 Musgravius,
389 1620 542 1673 κραίνων
569 1634 618 1658 ex
635 1622 863 1670 conjectura

94 1651 320 1710 Marklandi
345 1672 394 1711 ad
422 1673 556 1724 Suppl.
578 1676 691 1711 1142.
706 1672 863 1710 edidere

95 1724 317 1763 Brunckius
337 1734 376 1764 et
400 1726 579 1764 Beckius.
637 1725 715 1763 Sed
739 1724 863 1776 primo

94 1777 377 1816 observandum
403 1787 476 1825 est,
496 1779 535 1816 id
550 1778 658 1830 quod
678 1778 861 1827 Musgra-

91 1828 177 1869 vius
204 1830 286 1869 fere
313 1831 527 1883 peispexit‚
555 1831 756 1877 nuncium,
784 1831 860 1868 hoc

94 1891 154 1923 est
184 1884 310 1935 ipsum
340 1884 583 1935 Euripidem,
617 1897 706 1922 cum
740 1883 862 1921 tacita

94 1937 262 1988 quadam
290 1936 557 1997 indignatione
597 1936 719 1988 loqui,
753 1935 861 1987 quasi

92 1989 269 2029 homines
284 1990 419 2028 urbani
428 1990 662 2028 rusticorum
673 2001 861 2027 commer-

93 2043 157 2082 cio
172 2054 213 2081 se
227 2042 347 2093 pollui
362 2042 579 2080 crederent.
609 2042 765 2080 Deinde
781 2055 861 2079 om-

92 2096 158 2134 nia
174 2095 398 2146 hujusmodi
413 2096 544 2142 verba,
565 2107 654 2133 cum
672 2094 862 2146 originem

93 2148 188 2187 satis
207 2147 410 2186 honestam
429 2148 611 2195 habeant,
627 2162 650 2186 a
669 2147 860 2198 Tragicis,

94 2200 276 2252 pristinas
307 2200 491 2239 formulas
530 2200 784 2248 sectantibus,
821 2208 860 2238 et

93 2253 200 2304 vulgi
218 2253 421 2291 sententiae
434 2254 595 2299 securis,
615 2267 715 2304 saepe
731 2253 780 2291 ad
796 2265 860 2290 ve-

95 2318 182 2343 rum
197 2313 237 2343 et
250 2313 419 2344 veterem
436 2319 590 2344 sensum
608 2314 858 2349 revocantur;

96 2357 202 2409 quod
217 2365 257 2396 et
276 2358 313 2394 in
328 2359 403 2396 hoc
427 2358 516 2396 loco
530 2359 678 2396 tactum
694 2359 859 2397 videtur

97 2410 265 2470 Χξοιίνειν
298 2410 400 2448 enim
432 2411 527 2448 nihil
564 2411 669 2449 aliud
705 2411 861 2462 pr·op1ie

96 2462 305 2514 significat,
333 2475 448 2512 quam
478 2465 536 2501 rei
560 2467 775 2515 cujusquam
801 2478 861 2501 su-

87 2515 277 2568 perficiem
293 2514 349 2552 lez
343 2515 422 2553 iter
441 2529 462 2551 r
463 2516 575 2554 odere
589 2517 648 2554 vel
663 2517 863 2567 attingere.

97 2568 243 2607 Confe1
261 2567 469 2605 Ruhnken.
483 2567 532 2604 ad
548 2568 737 2606 Timaeum
752 2582 789 2619 p.
799 2573 862 2614 75,

99 2624 187 2660 104.
217 2619 446 2671 Euripides
437 2632 533 2671 lpse,
548 2620 699 2682 opinor,
714 2621 779 2658 vix
793 2634 862 2659 au·

97 2685 164 2711 sus
183 2681 284 2711 esset
298 2673 458 2711 verbum
485 2671 637 2723 μιαίνειν
658 2673 762 2712 bono
776 2686 862 2712 sen-

97 2738 143 2764 su
169 2738 366 2776 usurpare.
422 2724 527 2769 Quid
556 2732 687 2763 autem
716 2726 864 2765 Home-

98 2779 190 2816 rus'
235 2776 581 2821 ΙΙ.Δ.141.“Ω;
611 2776 638 2816 δ’
668 2775 724 2817 ὅτε
753 2777 808 2822 τίς
835 2779 865 2816 τ’

100 2830 293 2880 ἐλέφαντα
315 2830 406 2882 γυνὴ
440 2828 567 2879 φοίνικι
598 2829 719 2880 μιήντ·
750 2844 867 2881 quem

102 2882 272 2922 imitatus
304 2876 542 2923 Heliodoius
576 2882 787 2934 AEthiopic.
817 2884 866 2922 X.

920 938 980 975 15.
994 950 1031 988 p
1050 938 1140 979 479.
1160 934 1274 982 dixit,
1291 934 1444 986 nigrum
1461 935 1497 973 in
1515 937 1682 977 candido

918 989 1133 1027 Charicleae
1151 988 1312 1025 brachio
1332 988 1521 1026 circulum
1538 1003 1686 1029 memo-

893 1054 1018 1088 ,rans,
1039 1057 1101 1079 και
1115 1045 1156 1090 ην
1171 1055 1225 1084 τις
1245 1039 1368 1106 ωσπερ
1385 1041 1428 1078 ἔξ
1430 1056 1504 1086 ενος
1524 1042 1683 1106 περίδρο-

913 1110 943 1145 [ι
934 1109 983 1138 05
1004 1093 1193 1144 ἐλέφαντα
1216 1108 1276 1131 τον
1300 1093 1492 1157 βραχίονα
1516 1095 1685 1147 μιαίνων.

916 1146 1007 1193 Sed,
1033 1153 1076 1183 ut
1106 1146 1156 1183 ad
1185 1146 1344 1183 verbum
1359 1146 1536 1205 χραίνειν
1573 1148 1685 1188 rede-

914 1212 991 1245 am,
1015 1198 1089 1235 hac
1122 1198 1204 1249 ipsa
1231 1211 1328 1236 voce
1357 1198 1396 1235 in
1423 1200 1570 1238 scelere
1593 1215 1685 1252 pur-

914 1251 1043 1301 gando
1060 1250 1182 1289 utitur
1198 1250 1409 1302 AEschylus
1423 1253 1526 1303 apud
1544 1253 1685 1292 Eusta-

915 1305 1040 1341 thium
1060 1304 1109 1341 ad
1137 1304 1181 1342 Il.
1200 1303 1246 1341 T.
1262 1318 1297 1355 p.
1316 1306 1429 1350 1183,
1450 1308 1507 1346 17.
1515 1308 1683 1355 τ-1250,

916 1360 953 1395 8.
974 1355 1169 1407 ἐπιτήδειος
1201 1356 1314 1395 ἐδόκει
1339 1369 1429 1420 προς
1450 1357 1686 1423 καθαρμὸν
1669 1375 1687 1398 ο

917 1409 1000 1457 σῦς,
1026 1409 1073 1453 w‘5
1097 1409 1201 1459 δηλο
1188 1427 1196 1448 ι
1217 1408 1414 1476 Αἰσχύλος
1445 1410 1480 1450 ἐν
1506 1425 1574 1464 τῳ,
1591 1411 1686 1472 Hgm

916 1460 961 1500 οἲν
994 1465 1229 1525 παλαγμοις
1256 1461 1416 1526 αἵματος
1447 1464 1684 1516 χοιροκτόνου

916 1515 1035 1559 Αὐτός
1075 1530 1116 1552 σε
1150 1513 1250 1566 χροὶ·
1250 1530 1274 1555 η
1313 1513 1405 1559 Ζευς
1436 1517 1685 1567 κατασταξας

915 1583 967 1620 χε
971 1571 1052 1621 ροῖν.
1088 1566 1227 1604 Obiter
1241 1574 1334 1605 nota
1347 1580 1490 1605 nomen
1509 1569 1686 1619 ejusdem

915 1621 1031 1681 plane
1067 1619 1234 1670 generis,
1281 1623 1518 1672 σταλαγμοῖς,
1578 1623 1686 1673 quod

916 1671 1087 1710 frustra
1078 1686 1117 1709 m
1134 1675 1376 1725 σταλαγμοῖς
1401 1680 1528 1711 mutat
1544 1673 1684 1713 Pauw-

918 1725 977 1764 ius
1006 1725 1056 1763 ad
1085 1725 1235 1775 Fragm
1260 1738 1295 1775 p.
1317 1729 1426 1764 1114.
1458 1739 1492 1764 a.
1516 1726 1686 1786 AEschy-

913 1778 993 1816 lum
1032 1791 1082 1816 an
1115 1777 1343 1829 Euripidem
1375 1778 1484 1829 sequi
1531 1779 1685 1819 videtur

917 1832 1088 1869 Achaeus
1120 1831 1224 1882 apud
1258 1831 1492 1868 Athenaeum
1525 1831 1683 1900 V11.p.

912 1886 1003 1925 277.
1031 1884 1076 1923 Β
1105 1884 1172 1920 ubi
1203 1883 1251 1921 de
1274 1883 1444 1934 piscibus
1474 1883 1542 1932 ait,
1572 1885 1689 1937 Χραι-

915 1950 1032 1981 νοντες
1066 1934 1257 1989 ουξαίοισιν
1291 1935 1411 1974 εὐδίαν
1443 1935 1548 1981 οἱλός.
1604 1939 1687 1978 De-

915 1989 1033 2040 nique
1059 1997 1196 2039 quater
1225 1989 1330 2027 hunc
1376 1989 1502 2040 ipsum
1531 2002 1687 2030 versum

916 2042 1012 2080 citat
1028 2041 1255 2079 Eustathius
1269 2041 1318 2079 ad
1335 2041 1378 2080 Il.
1398 2047 1446 2079 Δ.
1461 2056 1497 2093 p.
1512 2047 1591 2087 467
1593 2073 1605 2091 ,
1619 2048 1686 2084 26.

920 2097 1321 2141 :356‚7.H.1063,
1348 2098 1585 2143 34:1082,
1618 2100 1684 2137 25.

916 2152 959 2185 Σ.
989 2151 1103 2194 1158,
1134 2150 1196 2186 28.
1205 2150 1371 2194 -1210,
1391 2150 1455 2187 20
1494 2153 1545 2186 Ω.
1569 2153 1685 2198 1335,

914 2203 978 2239 59
985 2203 1152 2247 —1463‚
1170 2203 1204 2238 1.
1224 2207 1264 2238 et
1278 2200 1336 2237 bis
1351 2200 1508 2252 quidem
1523 2211 1685 2253 propter

913 2253 1075 2291 verbum
1093 2251 1274 2304 χραίνειν.

967 2309 1054 2345 910.
1096 2306 1203 2358 οἵπερ.
1247 2305 1395 2344 Eadem
1441 2308 1683 2347 constructio

915 2358 1004 2396 Hel.
1025 2362 1116 2396 448.
1136 2343 1242 2396 “EM
1234 2374 1284 2407 ην
1299 2360 1484 2407 πεφυκως,
1509 2359 1598 2398 οἷσιν
1619 2359 1685 2399 οὐκ

917 2409 1145 2470 ἐπιστροφαί·
1184 2411 1250 2448 ubi
1284 2411 1384 2449 male
1417 2412 1684 2462 Musgravius,

917 2462 1159 2527 αποστροφαί.
1205 2463 1339 2514 Suppl.
1369 2467 1457 2507 870.
1501 2465 1619 2515 φίλοις
1650 2468 1684 2503 τ’

917 2515 1056 2566 α’ληθης
1080 2521 1120 2566 ἦν
1138 2515 1255 2581 QiMss
1275 2515 1435 2578 παροῦσί
1449 2533 1505 2564 τε,
1534 2518 1608 2556 Καί
1629 2518 1684 2571 μὴ

917 2571 1108 2622 παςοῦσιν*
1135 2585 1183 2607 ων
1203 2566 1352 2621 α’ξιθμός
1369 2567 1407 2607 ου’
1422 2569 1551 2613 πολύς.
1592 2571 1686 2609 Ari-

916 2621 1042 2672 stoph.
1064 2621 1220 2659 Thesm.
1241 2634 1316 2659 sec.
1333 2620 1470 2672 fragm.
1499 2625 1558 2661 ll.
1579 2624 1684 2674 apud

918 2674 1067 2712 Polluc.
1088 2673 1136 2712 X.
1176 2676 1260 2712 152.
1313 2673 1462 2722 Σοίκιον,
1492 2675 1529 2713 ἐν
1560 2675 1684 2729 οἷσπερ

916 2725 1111 2786 τάργυριον
1166 2724 1394 2776 ταμιεύεται·
1443 2730 1561 2787 cujus
1607 2728 1685 2767 loci

919 2779 1151 2818 sententiam
1173 2791 1251 2815 non
1271 2779 1515 2830 perspexisse
1529 2779 1685 2819 videtur

920 2832 972 2869 Βι
978 2830 1154 2877 unckius,
1181 2844 1267 2881 quae
1283 2838 1342 2869 est
1356 2832 1462 2871 haec:
1495 2835 1631 2873 Saccus
1642 2847 1688 2873 ex

918 2897 1042 2923 eorum
1059 2896 1210 2936 genere,
1231 2897 1268 2922 en
1289 2884 1432 2935 quibus.

1302 2937 1317 2973 1
1352 2943 1374 2975 ’ζ
