1843 3198
174 213 254 264 viii
775 235 904 270 1³ssAE
918 238 1119 274 FA'r10.

167 331 368 406 σ’ἱξυρδς;
398 335 535 406 quod
568 336 770 388 monuit
800 336 1079 391 Piersonus
1103 340 1170 392 ad
1193 339 1421 394 Moerin.
1476 338 1687 396 Eodem

170 424 328 476 modo
355 424 607 478 dixerunt
643 425 721 490 οἷς,
750 426 918 492 oica-0¹5,
945 427 1141 494 Οἰκλῆς,
1169 428 1354 496 Οἶλειὶς,
1384 449 1685 504 quanquam

166 515 221 566 in
248 514 467 585 vulgatis
506 517 647 570 libris
690 520 780 571 has
823 539 973 573 voces
1012 520 1120 573 sine
1160 523 1368 592 punctis
1408 522 1687 577 diaereseos

168 606 307 659 haud
337 618 533 658 temere
562 608 806 661 offendes.
889 609 1084 663 Aldina
1110 630 1230 664 vero
1257 610 1499 684 AEschyli
1525 611 1687 668 editio

166 695 306 769 οἰζύος
333 709 471 750 recte
496 695 669 750 ha'bet.
740 699 804 752 In
832 699 1088 772 Euripide
1112 720 1271 773 usque
1294 702 1361 754 ad
1384 703 1522 756 hunc
1545 702 1685 756 diem

164 807 369 858 semper
409 786 609 839 editum
657 798 735 838 est
776 785 948 850 σ’ἱὶττός,
994 800 1178 841 contra
1219 809 1396 843 versus
1438 804 1684 856 metrum,

165 892 351 931 contra
402 878 862 949 grammaticorum
919 880 1307 934 auctoritatem.
1405 880 1566 952 (Vide
1618 883 1685 935 ad

161 968 318 1022 Med.
350 968 500 1035 634.)

236 1059 416 1131 Suppl.
448 1064 574 1113 800.
608 1058 774 1113 Recte
803 1060 974 1113 Aldus
1015 1071 1069 1113 et
1108 1060 1465 1123 RobortelluS‚
1505 1059 1609 1126 νέφη
1647 1058 1686 1112 δ’

159 1143 343 1220 ὖὸρηλοὲ.

232 1235 299 1288 In
329 1237 623 1308 fragmento
652 1237 931 1308 legendum
959 1237 1068 1308 μέγ’
1094 1238 1195 1291 ἐστ’
1221 1239 1361 1310 ἴαμα,
1389 1239 1680 1312 quomode,

157 1326 296 1397 quod
323 1327 526 1403 mirere,
555 1329 779 1381 correxit
809 1329 1095 1394 Grotiusss,
1126 1329 1378 1403 Excerpt.
1409 1352 1458 1404 p.
1489 1334 1560 1385 55
1576 1333 1642 1400 ψ.

233 1413 397 1467 Nunc
425 1417 491 1467 ad
523 1416 836 1488 Sophoclem
867 1418 1149 1471 veniamus.
1231 1419 1298 1471 In
1336 1420 1503 1492 primo
1545 1422 1679 1486 loco,

156 1524 315 1558 nemo
345 1525 448 1557 non
486 1505 628 1558 videt
655 1526 810 1578 quam
839 1506 1156 1559 inconcinne
1185 1507 1326 1561 istud
1367 1533 1481 1563 ποτε
1516 1531 1680 1582 pona.-

156 1609 264 1660 ων,
318 1617 473 1669 quam
535 1597 585 1649 in
641 1598 1040 1668 pronunciando
1088 1617 1299 1669 prorsus
1354 1600 1677 1654 obscuretur.

155 1690 294 1743 Cum
322 1707 443 1741 vero
468 1686 593 1739 nihil
625 1687 802 1740 mendi
830 1688 883 1739 in
911 1687 1126 1759 singulis
1154 1689 1326 1742 verbis
1355 1689 1565 1755 haereat,
1593 1711 1677 1744 co-

151 1781 429 1852 gitandum
453 1791 532 1831 est
558 1799 622 1829 an
648 1779 927 1830 commoda
950 1767 1354 1849 transpositione
1376 1792 1542 1833 metro
1560 1802 1676 1835 suc-

152 1870 286 1923 curri
314 1882 486 1942 queat.
568 1868 645 1921 Et
671 1869 770 1921 hoc
799 1869 1010 1941 quidem
1039 1880 1117 1921 tot
1148 1870 1314 1922 modis
1345 1871 1448 1923 fieri
1480 1884 1674 1944 potest,

205 2065 228 2086 ὓ
261 2063 444 2102 Correxit
465 2062 627 2102 Grotius
648 2076 670 2101 e
692 2063 880 2115 Scaligeri
901 2063 1187 2104 emendatione.

203 2134 226 2173 †
257 2127 347 2167 Non
381 2137 511 2167 tamen
552 2129 801 2168 dissimulabo
839 2130 1100 2182 suspicionem
1133 2142 1274 2177 meam,
1308 2130 1542 2168 vocabulum
1577 2131 1670 2179 ἴαμα

148 2193 301 2231 serioris
321 2194 390 2231 aevi
412 2207 495 2231 esse
515 2202 554 2232 et
580 2193 774 2232 veteribus
796 2194 973 2245 Tragicis
993 2195 1184 2247 ignotum.
1243 2194 1421 2246 AEschyli
1450 2207 1581 2233 versus
1610 2202 1669 2233 est

148 2258 252 2309 apud
282 2258 526 2296 Scholiasten
558 2259 761 2310 Sophoclis
790 2260 840 2297 ad
871 2260 1017 2299 Electr.
1040 2263 1134 2300 286.
1197 2261 1305 2298 Οἵτε
1328 2259 1523 2310 (Brunck.
1545 2260 1580 2297 οἷ’
1593 2263 1667 2309 τοι)

147 2322 335 2372 στεναγμοὶ
363 2328 424 2361 τῶν
451 2325 550 2360 πόνων
570 2322 770 2374 ἐρείσματα.
828 2324 907 2362 Sed
937 2325 1103 2363 Homeri
1136 2325 1372 2363 Scholiastes
1401 2336 1425 2362 a
1455 2323 1685 2381 Villoisonox

150 2386 277 2424 editus
296 2387 345 2425 ad
364 2387 413 2424 Il.
431 2397 475 2424 Ψ.
504 2390 564 2426 12.
596 2388 736 2437 ἰάματα
756 2402 826 2439 pro
849 2391 1036 2441 ἔςείσ-ματα
1054 2390 1270 2428 substituit.
1325 2388 1536 2427 Menandri
1560 2389 1670 2428 locus

148 2452 253 2503 apud.
275 2453 470 2490 Stobaeum
492 2459 531 2490 et
553 2452 748 2490 ClerICum
769 2467 809 2504 p.
833 2455 926 2495 276.
948 2455 1001 2492 ita
1020 2454 1156 2501 fertur,
1177 2455 1286 2498 λύπης
1306 2456 1417 2505 ῖατξᾶς
1439 2457 1526 2491 ἐστιν
1545 2453 1665 2505 ἀνθρώ-

150 2532 223 2558 ποις
241 2517 351 2563 λόγος’
373 2516 494 2566 ’ψυχῆς
514 2515 580 2568 ’γοῖρ
601 2516 694 2558 οὗτος
713 2520 805 2565 μόνος
826 2517 897 2567 ἔχει
918 2519 1072 2567 ἰάματα·
1106 2518 1173 2556 ubi
1203 2518 1331 2556 hiatus
1357 2517 1493 2556 Vitium
1522 2517 1666 2569 prodit,

149 2592 277 2631 neque
296 2580 445 2618 admitti
463 2588 590 2632 potest
607 2581 736 2628 erasis,
754 2594 868 2632 quam
886 2582 996 2632 fingit
1017 2582 1232 2629 Bentleius,
1251 2582 1456 2631 ταῖάματα.
1513 2581 1566 2636 Et
1585 2580 1668 2618 hia.

149 2650 212 2681 tus
232 2643 388 2694 quidem
408 2644 491 2682 tolli
508 2651 637 2695 potest
659 2657 732 2697 ope
750 2645 977 2683 Scholiastae
994 2645 1262 2684 Villoisoniani
1282 2646 1331 2684 ad
1351 2646 1398 2686 11.
1415 2646 1466 2684 0.
1489 2649 1582 2685 393.
1602 2644 1666 2696 qui

149 2707 246 2760 legit
262 2709 500 2758 κουφίσματα,
530 2709 635 2761 quod
655 2708 769 2748 etiarn
790 2710 908 2748 habet
929 2710 1068 2749 Codex
1090 2710 1374 2749 Townleianus.
1431 2709 1509 2748 Sed
1529 2709 1665 2760 legen-

150 2774 244 2811 dum
262 2780 322 2812 est
335 2774 474 2825 partim
494 2786 541 2813 ex
564 2773 623 2812 his
637 2773 861 2812 Scholiastis
878 2774 1019 2826 partim
1036 2787 1085 2812 ex
1106 2774 1243 2822 altero,
1263 2775 1312 2812 ad
1333 2774 1509 2826 AEscliyl.
1530 2773 1664 2812 Prom.

151 2839 244 2879 378.
271 2835 395 2889 ’ἱατρός
415 2843 501 2878 ἔστιν
520 2841 535 2874 ὃ
554 2841 650 2887 λόγος
670 2838 842 2890 ἀνθρώποις
865 2842 972 2878 νόσων·
993 2839 1114 2889 ψυχῆς
1135 2835 1202 2892 ’γοῖρ
1222 2839 1314 2882 οὗτος
1334 2842 1425 2888 μόνος
1443 2838 1512 2892 ἔχει
1528 2837 1664 2878 esmeri-

150 2920 221 2954 ςια.
270 2901 310 2940 Si
324 2902 441 2954 igitur
456 2902 549 2952 ἴαμα
564 2903 743 2944 vitiosum
759 2917 842 2944 esse
855 2911 1012 2954 statues,
1033 2904 1242 2957 legendum
1256 2904 1489 2958 eriuven-ep
1504 2903 1664 2955 μέγιστον

153 2968 330 3019 φάξμακον
349 2972 480 3006 πολλῶν
498 2969 616 3007 κακοῖν.
