1891 3230
604 245 923 300 EKABH.

1008 240 1028 297 1'
1045 238 1163 298 160}
1573 244 1643 299 65

204 395 322 465 Ἲὲᾳτ
347 394 396 450 ἔκ
421 408 643 461 γαληνων,
671 417 767 454 πως
795 389 947 455 δοκεῖς,
965 391 1369 484 προσ-φθεγματων

212 470 335 529 ευθυς
359 471 586 521 λαζοῢσαι
615 466 821 533 φάσγαν’
846 465 895 520 ἐκ
921 466 1110 520 πεπλων
1135 467 1262 520 ποθεν

214 566 414 596 mvn-ouon
445 539 627 600 παῖδας·
670 542 721 593 αἶ
746 539 807 602 δὲ,
835 554 1002 611 πολεμ.
998 540 1061 592 ’ων
1087 537 1222 604 δίκην,

139 706 204 744 ubi
243 719 312 757 pet
349 712 514 742 metrum
552 704 611 754 leg
599 717 681 741 -ere
715 712 859 755 posseS,

140 759 302 816 τξῶξεται
330 765 369 796 et
399 776 478 795 κατε
468 762 611 808 ζτραγεν,
638 759 780 810 ῥοθιάξει
809 761 864 797 le-

140 826 232 862 gere
262 825 338 850 non
368 825 434 862 pos
419 824 511 849 sses.
571 811 728 861 Eupolis
760 779 862 864 ipud

143 865 407 904 Herodianum
439 866 476 901 in
501 865 698 902 Villoiso'ni
730 868 860 905 Aneo-

142 919 255 966 dotis,
285 920 331 956 T.
356 918 408 957 II.
427 932 467 969 p.
489 921 553 957 88.
574 918 632 954 καῖ
663 919 803 965 λέγουσι
823 937 861 966 ’γε

143 974 200 1010 Τὰ
237 973 395 1024 μειςάκια
433 972 661 1019 προϊστάμενα
698 977 766 1014 τοῖς
805 975 862 1010 ἀν-

142 1028 265 1077 εἲς-εἱσι».
322 1026 364 1061 ῘΠ
387 1025 486 1061 Plut-
502 1028 595 1063 833.
616 1028 782 1062 ἀπέλιπον
802 1026 862 1063 vel

142 1081 295 1116 ἐπέλιπε
332 1078 474 1114 habent
504 1078 660 1128 quidam
694 1078 861 1126 codices,

142 1132 242 1185 male
263 1131 364 1182 quod
393 1131 442 1167 ad
469 1143 605 1168 nuinei
610 1144 671 1167 um
700 1133 861 1176 attinet,

141 1186 208 1223 sed
223 1182 343 1222 metro
356 1197 432 1221 non
443 1184 565 1221 minus
575 1184 861 1223 convenienter.

142 1239 247 1277 Atin
263 1239 412 1276 Eccles.
426 1241 516 1275 839.
529 1250 660 1274 omnes
674 1237 861 1276 editiones

143 1292 426 1330 Brunckianam
447 1291 709 1339 praecedentes
726 1301 785 1343 φξ
773 1292 860 1339 '‘7⁰¹¹-

140 1363 199 1384 ται
214 1362 426 1398 remma-ra
441 1357 510 1395 pro
525 1345 601 1381 fine
616 1357 692 1381 sen
686 1345 752 1382 trii
766 1359 862 1396 prae

140 1401 245 1437 bent.
305 1399 439 1436 Alexis
457 1398 633 1435 Athenaei
655 1397 702 1437 X.
718 1412 754 1464 p.
770 1402 861 1437 40⁶2.

145 1454 191 1490 B.
258 1456 325 1489 Νῦν
371 1452 402 1488 δὲ

450 1451 506 1488 &a
550 1452 673 1492 ταυτὴν
720 1469 861 1489 affatur«.

142 1509 270 1550 ’γίνεται
310 1506 357 1543 τὰ
393 1506 551 1557 δυσχεξῆ.
608 1502 726 1541 Vides
763 1505 862 1555 opti-

144 1561 249 1596 mum
274 1559 524 1596 trochaicum.
582 1557 658 1595 Sed
688 1558 780 1595 citat
807 1558 862 1605 7(-

145 1630 250 1649 νονται
280 1612 502 1650 Eustathius
531 1611 579 1648 ad
601 1610 739 1661 Odys&
766 1619 804 1648 Σ.
825 1625 861 1662 p.

148 1669 261 1710 1837,
296 1668 487 1709 21:656,
526 1669 560 1702 1.
618 1665 717 1702 Cum
748 1665 863 1715 igitur

144 1719 226 1757 liaec
254 1719 307 1756 ita
335 1726 468 1757 contra
497 1717 723 1755 certissimas
751 1717 864 1755 metri

143 1773 249 1823 leges
264 1771 501 1809 turbaverint
516 1770 672 1817 librarii,
689 1771 780 1822 quid
796 1783 862 1808 eos

143 1826 313 1864 facturos
333 1837 466 1863 censes
480 1825 516 1861 in
531 1825 666 1862 solutae
682 1825 862 1862 orationis

143 1879 413 1930 scriptoribus?
431 1878 540 1915 Plato
551 1878 599 1914 de
614 1878 778 1929 Republ.
792 1877 861 1916 IV.

143 1947 181 1984 p.
203 1936 292 1972 429.
323 1932 375 1970 D.
399 1930 498 1968 HSt.
518 1935 610 1970 449.
633 1939 672 1969 Β.
694 1931 859 1970 Laemar.

143 1988 226 2028 ἔπ’-ως
258 1985 326 2037 (τὰ
355 1986 438 2037 ἔρια)
470 1984 624 2030 δέξωνται
652 1986 863 2033 ὃτιμᾶλίστα

141 2040 178 2077 τὸ
227 2040 332 2082 ἄνθος.
406 2039 566 2076 Rectius¹
600 2037 734 2082 Σὲξηται
774 2037 862 2075 MS.

145 2093 316 2131 Platonis
335 2101 375 2130 et
396 2092 570 2130 Stobaeus
589 2105 626 2142 p.
644 2093 735 2136 252,
757 2093 820 2130 25.
840 2099 863 2129 a

143 2147 409 2184 Valckenaerio
444 2145 492 2182 ad
529 2145 788 2184 Callimachea
824 2159 862 2195 p.

146 2203 236 2239 193.
252 2200 455 2245 indicatus,
471 2198 539 2236 sed
554 2198 764 2236 rectissime
777 2198 863 2243 δέξε-

143 2269 204 2290 ται
232 2253 418 2292 editiones
447 2252 677 2290 Trincavelli
707 2260 746 2290 et
764 2251 863 2290 Ges-

144 2306 225 2343 neri
255 2307 375 2357 prima
402 2320 439 2357 p.
467 2308 558 2352 264,
593 2309 653 2344 18.
684 2306 776 2343 item
805 2318 863 2343 se-

145 2359 271 2397 cun'da
289 2373 326 2410 p.
347 2362 438 2406 252,
458 2361 524 2399 27.
548 2360 598 2396 A.
620 2359 671 2396 D.
691 2362 804 2398 1549.
823 2361 863 2397 et

145 2413 258 2451 tertia
295 2414 411 2452 1559.
442 2413 579 2458 δέξηται
615 2413 860 2450 Francol'urt.

146 2469 264 2505 1581.
282 2479 319 2516 p.
335 2469 426 2511 433,
437 2468 500 2504 25.
544 2465 702 2503 Leviter
717 2465 791 2503 hoc
803 2478 862 2503 ar-

143 2527 371 2570 gumentum
400 2519 508 2569 attigi
537 2519 585 2556 ad
613 2521 739 2557 Orest.
767 2522 860 2558 596.

145 2573 256 2610 Alius
271 2573 378 2610 locus
398 2572 565 2609 occurrit
581 2572 617 2609 in
638 2573 863 2623 Aristopha-

139 2627 197 2664 nis
231 2627 402 2664 Acharn.
433 2629 526 2665 519.
555 2627 679 2663 n'otari
706 2626 858 2676 dignus.

142 2679 240 2717 Ἀλλ’
270 2680 427 2731 ἀνδξάξια
458 2679 613 2731 μοχθηρὰ
644 2695 858 2729 παρακεκομ-

141 2731 533 2780 μίνα-Ἐσυκοφάντει
589 2736 765 2782 Μεγαξέων
818 2733 863 2770 ταὶ

142 2788 346 2835 χλανίσκια·
405 2787 530 2823 Κεῖπου
575 2789 684 2822 σίκυον
730 2785 806 2822 εἶδεν
843 2785 861 2825 ἢ

142 2839 484 2886 λαγῶδιον,-Ταῦτ’
511 2837 545 2880 ἦν
569 2841 762 2890 Μεγαξικεὶ·
797 2839 861 2876 ubl

144 2900 248 2930 recte
268 2905 318 2930 ex
340 2893 458 2930 Suida
476 2900 515 2930 et
537 2892 657 2930 MSS.
689 2891 783 2929 ’ἔδοιεν
803 2905 861 2930 re-

141 2945 303 2985 stituere
323 2947 392 2984 viri
411 2946 529 2985 docti.
572 2945 650 2985 Sed
662 2946 766 2985 nullo
783 2959 862 2985 mo·

917 700 967 740 'do
1000 697 1153 740 'tolerari
1189 703 1316 753 potest
1347 704 1384 742 in
1420 704 1509 743 Pac.
1543 701 1637 746 599.

916 757 1217 805 προσ-γελάσονται,
1258 757 1348 795 licet
1386 759 1438 796 ita
1475 759 1639 796 ediderit

920 808 1147 861 BrunckiuS,
1163 811 1322 848 metrico
1341 810 1562 849 Sclioliastae
1579 813 1637 849 ni..

915 858 986 899 mis
1006 862 1196 901 credulus.
1240 864 1337 901 Nam
1360 878 1487 902 versus
1508 869 1639 904 596-—

917 919 1009 955 599.
1040 927 1061 953 e
1091 916 1251 954 Creticis
1272 925 1311 954 et
1332 917 1519 956 Paeonicis
1544 932 1638 956 cou-

917 977 1031 1014 stant,
1058 969 1112 1005 ita
1139 969 1314 1019 legendi:
1338 971 1449 1009 ’Ὥστε
1478 973 1515 1009 σὲ
1539 974 1587 1009 τά
1606 971 1638 1009 τ’

918 1023 1087 1089 ἀμπέλια3
1109 1022 1181 1058 Καὶ
1203 1041 1249 1062 τα
1266 1029 1320 1061 νέα
1339 1025 1484 1070 συκὶοια,
1510 1025 1638 1062 Τᾶλλα

901 1074 951 1112 ’.9
986 1076 1083 1112 &en-60³
1110 1076 1181 1112 ἐστὶ
1220 1078 1328 1125 (pu-rel,
1357 1079 1637 1128 Πξοσγελασεται

915 1126 1051 1165 λαβόντ’
1088 1128 1233 1177 ἄσμενα.
1290 1131 1336 1167 ln
1373 1131 1511 1168 talibus
1547 1131 1637 1170 w‘ero

916 1181 1022 1226 locis,
1037 1182 1158 1232 qualis
1179 1191 1237 1220 est
1252 1182 1281 1220 is
1297 1184 1503 1234 Euripidis,
1524 1198 1639 1235 quem

916 1247 994 1285 prae
1014 1235 1187 1273 manibus
1208 1237 1405 1283 habemus,
1421 1238 1548 1288 paullo
1567 1253 1639 1276 me-

915 1287 1040 1326 liorem
1070 1301 1211 1327 censeo
1240 1303 1441 1328 numerum
1470 1292 1640 1342 singula-

916 1354 1012 1388 rem,
1029 1341 1059 1378 si
1079 1343 1250 1393 praebent
1269 1344 1445 1388 codices;
1472 1345 1553 1382 sine
1574 1359 1639 1383 co-

916 1395 1064 1439 dicibus
1101 1396 1194 1432 nihil
1233 1374 1471 1435 mutandum.
1542 1399 1639 1436 Mox

917 1447 1132 1498 διαδοχαῖσιν
1162 1439 1255 1488 Ald.
1289 1459 1328 1488 ct
1355 1451 1482 1502 plures
1512 1452 1635 1490 MSS.

917 1502 1112 1539 mendose
1169 1502 1255 1540 Nec
1281 1512 1408 1541 tamen
1438 1505 1550 1542 nimis
1569 1519 1639 1543 nu-

918 1554 1068 1593 merosa
1087 1562 1145 1592 est
1163 1556 1239 1592 vul
1229 1564 1319 1606 gata
1337 1557 1467 1604 lectio,
1496 1559 1638 1610 quippe

918 1621 1001 1657 quae
1034 1608 1137 1645 omni
1170 1622 1318 1647 caesura
1353 1619 1496 1657 careat,
1535 1613 1640 1663 quod

919 1660 1021 1711 apud
1044 1661 1267 1712 Euripidem
1291 1664 1400 1701 valde
1421 1677 1546 1703 rarum
1567 1673 1639 1704 est.

920 1713 996 1751 Sed
1019 1713 1066 1752 de
1087 1728 1317 1753 caesurarum
1346 1724 1483 1755 natura
1511 1726 1551 1756 et
1578 1731 1638 1757 ra-

918 1767 1023 1805 tione
1035 1768 1164 1819 paullo
1181 1769 1330 1819 longior
1345 1770 1552 1821 disputatio
1567 1780 1637 1818 est,

918 1834 1032 1871 quam
1053 1830 1094 1859 ut
1113 1822 1178 1860 hle
1198 1823 1398 1861 commode
1424 1825 1552 1863 locum
1579 1822 1643 1863 in-'

917 1874 1056 1912 veniat.
1114 1873 1256 1913 Hanc
1246 1875 1363 1927 igitur
1378 1876 1416 1914 in
1436 1877 1529 1916 illud
1543 1887 1639 1916 tem-

917 1941 988 1979 pus
1009 1928 1170 1978 rejicere
1189 1928 1357 1976 decrevi,
1378 1943 1464 1968 cum
1481 1932 1520 1969 in
1542 1932 1639 1983 Sup-

916 1981 1111 2040 plemento
1140 1982 1189 2019 ad
1218 1982 1488 2022 Praefationem
1514 1998 1640 2023 meam

916 2038 1040 2085 pauca
1070 2035 1119 2072 de'
1151 2048 1192 2073 re
1227 2037 1387 2074 metrica
1418 2037 1640 2077 edisseram.

917 2088 1075 2126 Interim
1102 2088 1308 2156 legendum
1337 2092 1432 2141 puto
1459 2090 1640 2147 ἕιαὲοχαῖς

916 2159 938 2179 τ
939 2140 1162 2189 ἀμειςουσιν
1186 2147 1304 2194 χεξοῖι,
1334 2144 1395 2181 vel
1424 2141 1637 2194 ἀμειᾷονται,

917 2207 1079 2246 quorum
1100 2193 1306 2248 utrumque
1329 2210 1438 2248 aeque
1457 2199 1639 2237 usitatum

918 2257 976 2287 est
996 2256 1035 2286 et
1054 2249 1181 2286 sensui
1202 2251 1641 2297 commodum3ut1um-

918 2316 994 2354 que
1025 2302 1204 2341 facillime
1237 2304 1275 2341 in
1314 2304 1519 2353 ἀμείζουσαι
1554 2319 1637 2343 cor-

918 2356 1042 2406 rumpi
1065 2357 1202 2407 potuit.
1259 2357 1408 2409 Copula
1425 2372 1528 2403 vero,
1544 2359 1638 2409 quid

917 2410 1054 2447 mirum
1092 2410 1120 2447 si
1151 2410 1310 2456 excidit,
1350 2412 1414 2449 ubi
1448 2425 1524 2450 non
1555 2419 1638 2450 erat

916 2463 1145 2510 necessaria,
1176 2476 1263 2501 curn
1295 2465 1421 2509 toties,
1457 2465 1520 2502 ubi
1554 2473 1638 2503 erat

917 2517 1144 2561 necessaria,
1165 2517 1374 2554 exciderit?
1408 2518 1506 2555 Vide
1523 2515 1639 2557 modo

916 2583 1031 2621 supra
1051 2571 1097 2607 ad
1119 2574 1209 2608 355.
1234 2573 1324 2609 580.
1365 2570 1452 2608 Non
1474 2572 1638 2609 deerunt

915 2623 1089 2668 fortasse,
1117 2623 1184 2674 qui
1217 2623 1405 2674 vulgatam
1430 2624 1639 2663 lectionem

917 2690 963 2714 eo
990 2677 1142 2714 nomine
1171 2676 1392 2723 defendant,
1425 2678 1526 2728 quod
1553 2691 1638 2717 ver—

916 2731 1006 2767 bum
1041 2743 1127 2767 cum
1157 2730 1357 2780 participio
1386 2733 1637 2781 conjunctum

916 2783 1039 2820 verbis
1051 2784 1098 2820 sit
1111 2783 1259 2820 duobus
1276 2796 1343 2833 per
1356 2786 1530 2836 copulam
1548 2799 1638 2823 con-

911 2838 1056 2887 junctis
1083 2836 1307 2886 elegantius.
1365 2838 1479 2875 Hanc
1508 2840 1636 2889 objec-

916 2891 1059 2928 tionem
1080 2890 1210 2940 paucis
1228 2889 1325 2927 infra
1352 2890 1401 2929 ad
1434 2893 1548 2932 1161.
1578 2892 1634 2930 at·-

918 2944 1077 2990 tineam,
1097 2956 1184 2995 pag.
1207 2945 1274 2987 71,
1293 2946 1357 2984 72.
