1891 3198
142 153 210 208 72

438 296 691 348 στενακτὰν
721 296 901 365 ἱοικχοὶν

508 368 768 439 μελομέναν
799 375 960 442 νεκροῖς

511 443 705 516 δάκξυσι
733 445 950 516 θξηνῆσω.

667 149 1221 199 ΕΥΡΙΠΙΔΟΥ

361 517 525 589 σχεδον
554 519 705 588 τύχοι,
732 519 819 571 πὲἲ
825 543 880 577 ας
908 518 1047 584 φόνος·

435 618 564 665 κξινει
595 594 710 658 φάος
740 617 790 645 το
809 592 1003 663 μέλλον.

585 665 812 738 οἵποτμος,
841 666 1003 740 ἀποτμ
988 693 1050 728 ος
1079 693 1100 720 ο

507 741 649 808 φονος,
678 741 815 795 ἕνεκεν
841 742 1078 814 Ἐξιννύων.

211 816 350 870 ἀλὶοι
378 841 473 888 ⁴7⁶⁵?
502 816 702 888 Κρέοντα
729 818 908 870 λευσσω
937 817 1056 869 ‘totale
1069 816 1211 907 ὃεῦξο
1239 821 1425 884 συννεφῆ
1459 876 1464 878 ,

207 915 312 964 τξος
343 890 505 961 δομους
530 915 796 962 στειχοντοι,
825 892 986 944 παύσω
1012 916 1113 951 τους
1140 896 1440 985 ποιξεστῶτοις
1463 918 1611 960 γοους.

138 976 216 1015 KR
256 966 396 1037 οἶμοι,
424 991 467 1018 τι
459 965 678 1057 (ledo-w,
719 967 867 1038 ποτ-εξ
897 965 1110 1037 ἓμοιυτον,
1139 964 1165 1026 ἦ
1193 967 1325 1020 πόλιν

1628 979 1730 1016 1330

209 1064 341 1094 στενω
369 1038 678 1134 homerio-043⁰
653 1066 700 1101 ην
727 1039 898 1113 πὲξιξ”
881 1065 995 1133 εχεξ
1007 1040 1129 1108 νεφος

211 1118 436 1176 τοσοῦτον,
463 1114 576 1168 ὥστε
600 1116 651 1168 δι’
680 1116 931 1205 Ἀχέροντος
960 1115 1101 1169 ἱέναι·
1088 1159 1101 1177 ,

211 1190 321 1259 ἐυος
343 1213 390 1242 τε
422 1214 517 1262 yon?
545 1195 653 1251 ποεῖς
679 1194 765 1257 γῆς
794 1188 916 1243 ολωλ
958 1190 1214 1280 ὑπεξθοινων,

154 1284 156 1287 ·
210 1288 412 1335 τ-ουνομοι
440 1263 594 1317 MC&
623 1270 833 1337 γενναῖον,
862 1263 1038 1337 ἀνιαξον
1070 1265 1148 1318 δ’
1136 1265 1253 1335 aptos.

210 1364 252 1390 ον
281 1337 387 1412 οἵξτι
415 1343 614 1411 κξημνῶν
641 1340 691 1391 ἐκ
719 1339 1036 1412 ὃξοικοντείων
1025 1338 1130 1392 ελῶν

191 1447 306 1483 1321.
332 1443 479 1497 ἶοικχαν
493 1458 564 1496 pro
585 1444 706 1498 ἰαχεῖν
722 1444 905 1495 Musgra-

134 1497 231 1535 vius.
247 1498 376 1535 Voces
389 1505 649 1549 transponunt
661 1497 774 1535 multi
783 1498 905 1537 MSS.

190 1552 303 1588 1322.
318 1566 364 1600 με
350 1550 557 1602 ελλομὲναν
573 1551 663 1589 Ald.
677 1550 842 1588 mutavit
854 1564 905 1589 ex

136 1603 257 1641 MSS.
289 1603 463 1642 Grotius.
498 1603 630 1642 νεκρῶν
662 1605 787 1654 major
816 1617 904 1655 pars

134 1656 331 1703 codicum,
350 1657 541 1707 probante
559 1643 847 1695 ⁴Valckenaerio.

191 1711 304 1748 1324.
336 1708 440 1759 φόνου
470 1709 564 1747 Ald.
600 1718 640 1748 et
671 1710 792 1748 WISS.
831 1709 905 1748 nisi

133 1762 239 1813 quod
261 1760 379 1810 φόνος,
400 1769 444 1800 ut
473 1763 647 1800 correxit
673 1762 743 1800 Vir
763 1763 904 1801 doctus

133 1815 239 1865 apud
268 1815 511 1863 Barnesium,
530 1815 650 1854 habet
676 1815 778 1853 Flor.
801 1816 906 1867 apud

134 1868 370 1913 Burtonum,
390 1868 421 1906 is
441 1882 581 1920 nempe
598 1868 685 1906 MS.
708 1882 825 1920 quem
840 1883 905 1907 vo-

133 1928 198 1958 cat
214 1920 326 1958 Voss.
339 1923 377 1958 2.
394 1922 648 1960 Contractam
658 1935 795 1960 vocem
810 1922 905 1960 scri-

131 1973 190 2010 bit
208 1973 246 2011 J.
266 1981 310 2011 ut
328 1987 398 2024 pro
416 1974 562 2013 utrovis
577 1974 676 2012 sumi
694 1975 830 2026 possit.

189 2028 304 2066 1325.
335 2043 374 2080 ng
381 2026 441 2065 ἶνει
476 2028 567 2066 Ald.
608 2028 700 2065 Non
719 2037 901 2076 metrum,

132 2078 203 2116 sed
221 2092 356 2118 sensus
384 2080 559 2119 futurum
580 2081 766 2132 postulat,
796 2083 903 2134 quod

134 2144 186 2169 ex
207 2132 329 2170 MSS.
349 2132 456 2171 dedit
478 2134 652 2172 Grotius.

189 2187 303 2226 1327.
332 2184 420 2223 ἕνεκ’
445 2186 601 2224 codices
631 2187 802 2238 plurimi,
836 2188 906 2227 sed

131 2238 298 2276 alterum
314 2246 439 2276 metro
453 2239 760 2278 convenientius.
788 2240 903 2292 Ἐριν-

134 2289 224 2329 νύων
240 2299 299 2329 est
319 2291 561 2343 tiisyllabon,
578 2300 622 2329 ut
638 2292 725 2343 Iph.
739 2294 783 2330 T.
800 2298 890 2333 938.

188 2347 303 2384 1329.
350 2345 485 2407 λόγους
535 2344 627 2382 Ald.
674 2345 739 2382 sed
787 2347 904 2397 pleri-

133 2410 209 2447 que
231 2398 352 2436 MSS.
381 2396 506 2450 γόους.
563 2397 713 2435 Eadem
740 2399 903 2438 variatio

134 2450 396 2489 Orest.1020.

191 2505 304 2541 1332.
331 2519 403 2542 ‘rom
409 2506 467 2542 ὖτο
473 2520 489 2541 ν
520 2503 614 2541 Ald
638 2518 730 2543 ’τοιοι
727 2517 776 2542 ’Μ’
797 2518 901 2556 quae-

134 2555 223 2593 dam
244 2556 333 2593 edd.
353 2564 392 2594 et
408 2557 520 2595 Grot.
538 2557 710 2596 τοο-οῦτον
729 2557 904 2608 reposuit

135 2608 428 2648 Valckenaerius
449 2624 500 2648 ex
529 2610 641 2648 Leid.
667 2623 743 2648 sec
771 2618 813 2648 ut
833 2610 902 2647 ha-

131 2661 229 2698 bent
248 2675 403 2713 quoque
425 2664 539 2702 Cant.
569 2663 625 2700 M.
651 2663 751 2701 Scal.
771 2663 837 2700 lib.
860 2663 902 2700 P.

132 2713 223 2751 Infi
199 2715 275 2752 bne
290 2729 423 2753 versus
440 2716 526 2754 ἱέναι
545 2715 717 2753 tamdiu'
708 2729 904 2754 incorrec-

132 2772 218 2804 tum
247 2769 432 2806 mansisse
460 2769 591 2806 miror.
613 2769 700 2807 ἱέναι
725 2782 746 2806 e
766 2769 830 2807 lib.
858 2769 901 2807 P

133 2818 295 2869 primus,
317 2828 356 2858 et
374 2835 511 2859 vereor
530 2835 579 2859 ne
591 2822 709 2868 solus,
731 2822 902 2859 restituit

133 2872 397 2923 Musgravius.
438 2874 547 2913 Idem
560 2875 710 2914 notavit
724 2875 902 2927 Scaliger

1627 1352 1728 1389 1335

961 1458 1011 1484 ex
1028 1445 1119 1483 MS.
1135 1451 1179 1482 ut
1193 1443 1367 1489 videtum
1382 1443 1438 1482 sic
1454 1443 1556 1482 enim
1573 1444 1619 1483 C.
1631 1443 1727 1484 J.L.

961 1499 1112 1537 Eodem
1138 1510 1269 1536 errore
1293 1497 1470 1536 ediderat
1495 1496 1624 1536 Aldus
1638 1496 1728 1536 ἱέναι

959 1565 1076 1604 supra
1098 1554 1211 1590 1262.

1015 1608 1127 1644 1334.
1148 1604 1304 1642 Nomen
1323 1603 1420 1649 οἷνὶα,
1452 1603 1513 1642 vel
1534 1603 1629 1654 α’νίη,
1648 1604 1730 1656 ple-

960 1671 1127 1709 rumque
1157 1656 1413 1708 penultimam
1441 1657 1639 1709 producit,
1659 1657 1728 1695 ali-

959 1711 1116 1762 quando
1143 1709 1318 1760 corripit,
1339 1717 1382 1747 ut
1408 1710 1446 1746 in
1471 1718 1640 1761 quatuor
1659 1723 1729 1748 ex-

959 1764 1094 1815 emplis
1114 1778 1136 1801 a
1158 1762 1394 1801 Ruhnkenio
1416 1763 1549 1814 Epist„
1563 1763 1659 1801 Crit.
1675 1763 1731 1801 Π.

958 1831 995 1868 p.
1017 1819 1104 1857 276.
1148 1815 1353 1859 adductis3
1404 1817 1544 1867 quibus
1584 1816 1730 1854 addere

958 1877 1141 1921 potuerat
1155 1868 1468 1907 Hermesianact.
1482 1869 1586 1920 apud
1603 1869 1739 1906 Athe-v

959 1936 1085 1961 naeum
1107 1922 1222 1959 XIII.
1255 1936 1294 1973 p.
1306 1926 1396 1961 599.
1419 1922 1464 1959 Β.
1484 1924 1532 1959 ab
1562 1922 1645 1972 ipso
1675 1921 1730 1959 ci-

957 1984 1140 2026 tatump.
1159 1978 1249 2014 298.
1279 1974 1417 2025 Theog
1420 1975 1499 2013 nid.
1528 1978 1616 2013 344.
1637 1976 1727 2017 870.

960 2029 1117 2080 Sappho
1133 2027 1237 2079 apud
1250 2028 1422 2065 Brunck.
1439 2028 1618 2065 Analect
1640 2027 1674 2066 l.
1686 2040 1726 2078 p.

956 2086 1020 2121 54.
1042 2081 1197 2119 Pindar.
1217 2080 1265 2118 N.
1277 2080 1307 2117 Ι.
1326 2083 1389 2118 81.
1402 2080 1577 2118 Verbum
1594 2078 1728 2127 dudm,

957 2135 1018 2173 vel
1033 2132 1187 2180 οἷνιοίζω,
1208 2132 1313 2184 apud
1334 2133 1479 2184 Epicos
1500 2133 1643 2170 Poetas
1669 2146 1731 2171 se-

959 2188 1127 2226 cundam
1146 2187 1377 2245 plerumque
1402 2185 1600 2237 producit,
1626 2192 1669 2222 ut
1689 2192 1732 2224 et

945 2241 998 2277 'in
1029 2239 1211 2291 Sophocl.
1244 2238 1385 2289 Antig.
1408 2242 1496 2277 319.
1552 2238 1731 2276 Verbum

958 2293 1051 2332 dm&
1081 2292 1186 2343 apud
1220 2291 1525 2342 Aristophanem
1558 2291 1731 2351 penulti-

958 2359 1060 2384 mam
1090 2353 1150 2383 ter
1181 2344 1356 2395 corripit,
1393 2344 1514 2382 semel
1544 2343 1732 2396 producit

959 2399 1033 2450 Eq.
1049 2402 1138 2436 31⁴8.
1195 2397 1415 2448 Corripitur
1433 2397 1551 2435 etiarn
1570 2398 1618 2435 ab
1641 2398 1724 2434 An-

959 2451 1118 2502 tiphane
1152 2451 1256 2500 apud
1291 2451 1490 2488 Stobaeum
1522 2450 1668 2489 CXIV.
1687 2463 1726 2501 p.

957 2507 1050 2551 585,
1084 2507 1147 2543 36.
1175 2504 1300 2541 CXX.
1332 2518 1371 2554 p.
1396 2507 1488 2563 609,
1519 2505 1581 2540 21.
1615 2502 1730 2554 (475.

957 2560 1047 2596 501.
1071 2557 1220 2617 Grot.)
1239 2557 1414 2608 Semper,
1434 2568 1507 2593 nlsi
1525 2554 1651 2601 fallor,
1667 2567 1728 2593 se

959 2609 1087 2647 cunda
1127 2610 1166 2647 in
1197 2609 1344 2669 οἱνιαξος
1377 2610 1425 2647 ab
1463 2607 1654 2658 Euripide
1687 2614 1729 2646 et

960 2663 1224 2714 Aristophane
1244 2662 1468 2714 corripitur,
1495 2660 1729 2711 producitur

959 2729 981 2753 a
999 2716 1193 2775 Sophocle
1208 2715 1344 2766 Antig.
1358 2718 1446 2753 316.
1485 2712 1563 2750 Sed
1581 2713 1728 2764 ubique

956 2769 1072 2806 tertia
1092 2769 1241 2820 syllaba
1259 2769 1376 2818 longa
1389 2774 1462 2813 est,
1475 2765 1580 2817 quod
1592 2772 1726 2803 tamen

956 2821 1159 2871 ignorasse
1177 2821 1333 2859 videtur
1366 2818 1542 2864 Grotius,
1572 2817 1694 2855 dum*
1684 2831 1726 2855 m

958 2874 1116 2914 Stobaeo
1140 2887 1212 2915 suo
1240 2875 1287 2915 C.
1308 2887 1347 2926 p.
1361 2875 1452 2913 419.
1489 2871 1618 2910 Orest.
1635 2872 1726 2911 224.
