1891 3198
255 209 286 255 8
737 212 1288 257 ΕΥΡΙΠΙΔΟΥ

327 351 431 423 μήδ’
456 352 494 405 ἓν
522 352 709 404 νάπαισι
736 349 908 412 Πηλίου
934 360 1085 402 πεσεῖν
1113 375 1225 404 ποτε

332 427 555 496 τμηθεῖσα
584 425 742 486 πεύκη,
768 421 874 493 μήδ’
901 423 1146 498 ἐρετμῶσαι
1173 425 1316 516 χέρας

328 499 487 575 ἀνδρῶν
511 499 721 575 deser-mv,
753 496 798 549 οἳ
819 497 872 549 τὸ
899 498 1174 571 πάγχρυσον
1200 499 1315 574 &gog
1465 537 1469 544 -
1750 521 1772 553 5

255 667 427 701 σπαστέον
443 662 745 701 contendebant.
775 662 821 698 ln
837 661 986 712 Sopho-

257 716 330 755 clei
348 716 528 766 Thyestae
544 728 657 752 versu
671 714 775 766 apud
789 714 921 752 Schol.
939 714 987 750 ad

259 770 446 808 Phoeniss.
475 772 565 808 235.
597 769 738 820 ubique
768 769 894 806 editur
925 770 987 805 κᾶ-

257 831 452 876 »autera-ras
481 823 663 861 mendose
689 835 760 873 pro
786 822 985 873 κάνακῖξνα-

257 896 335 916 ται.
370 879 477 916 Ecce
495 884 625 915 notam
646 876 745 914 bene
766 876 917 925 longam
939 875 986 912 de

258 945 313 978 re,
354 932 384 970 si
413 931 497 983 quis
525 930 578 968 ita
608 930 710 975 velit,
753 942 830 966 non
860 929 986 979 magni

257 986 453 1024 momenti.
512 985 573 1022 Ac
597 990 769 1034 poteram
800 991 839 1020 et
866 982 987 1020 labori

257 1052 430 1090 parcere,
462 1045 502 1075 et
538 1038 658 1088 quieti
697 1049 792 1074 meae
826 1035 987 1074 fortasse

257 1093 470 1137 consulere,
485 1099 604 1130 totam
617 1090 845 1129 omittendo.
863 1089 988 1127 Video

257 1146 358 1184 enim
379 1159 401 1185 a
421 1144 626 1190 nonnullis,
656 1144 809 1195 optimis
832 1143 987 1194 quidem

258 1199 343 1245 illis,
364 1200 432 1238 sed
447 1211 521 1237 nec
533 1198 624 1236 satis
636 1198 795 1236 eruditis
808 1205 847 1235 et
858 1197 988 1248 paullo

256 1253 563 1292 iracundioribus
571 1252 670 1297 viris,
684 1263 835 1289 omnem
849 1263 988 1289 accen-

259 1317 368 1345 tuum
397 1307 584 1345 rationem
613 1304 812 1355 despicatu
842 1304 988 1343 haberi.

258 1361 404 1399 Verum
425 1360 449 1398 ii
469 1367 573 1405 sunt,
599 1358 749 1408 opinor,
779 1365 893 1396 aetate
909 1359 988 1408 jam

256 1414 530 1467 provectiores,
542 1425 657 1464 quam
666 1419 738 1449 uta
746 1424 808 1448 me
817 1410 877 1448 vel
886 1411 990 1462 quic-

257 1481 372 1520 quam
392 1466 499 1520 pravi
517 1465 795 1511 dedoceantur‚
814 1465 874 1502 vel
893 1465 991 1502 recti

259 1522 466 1574 quicquam
485 1520 700 1558 addiscant.
749 1519 830 1556 Vos
844 1525 990 1564 autem,

259 1586 602 1618 ADOLESCENTES,
623 1585 720 1625 quos
739 1572 840 1610 solos
860 1572 990 1611 tutelae

255 1642 353 1669 meae
365 1628 474 1674 duxi,
487 1641 553 1667 vos
567 1640 671 1665 nunc
683 1627 869 1678 alloquor.
905 1626 991 1664 Ali-

255 1683 408 1735 quoties
443 1683 521 1721 hoc
556 1689 826 1733 argumentum
865 1679 990 1730 tetigi,

257 1745 302 1776 ut
317 1738 366 1776 ad
381 1736 511 1777 Orest.
527 1739 621 1776 631.
638 1743 677 1774 et
691 1735 806 1780 alias;
834 1734 990 1780 iterum,

258 1792 325 1830 ubi
353 1804 448 1843 opus
477 1790 565 1837 erit,
593 1797 779 1828 tacturus.
835 1788 875 1825 Si
906 1788 991 1840 quis

258 1845 376 1896 igitur
422 1857 527 1882 VEST
537 1856 627 1883 RUM
675 1843 723 1880 ad
768 1845 989 1881 accuratam

259 1899 485 1937 Graecarum
511 1897 706 1935 literarum
733 1896 933 1934 scientiam
953 1908 992 1932 a·

258 1953 422 2004 spirat‚is
431 1952 669 2003 probabilem
679 1950 749 1988 sibi
758 1957 990 1988 accentuum

259 2006 436 2044 notitiam
457 2018 570 2057 quam
592 2004 815 2043 maturrime
834 2016 991 2054 compa·

258 2068 333 2106 ret,
352 2060 390 2097 in
409 2059 686 2111 propositoque
705 2065 866 2109 perstet,
886 2070 992 2095 scur-

260 2127 387 2151 rarum
409 2113 615 2151 dicacitate
631 2120 671 2150 et
684 2112 889 2150 stultorum
910 2111 991 2148 irri-

259 2167 367 2205 sione
386 2167 583 2205 immotus.
644 2167 744 2204 Nam
773 2166 853 2203 risu
873 2166 994 2214 inepto

260 2236 319 2260 res
338 2223 498 2273 ineptior
517 2219 620 2257 nulla
639 2227 705 2259 est.
757 2220 888 2258 Unum
910 2227 992 2256 tan-

261 2274 461 2314 tummodo
498 2274 536 2310 in
576 2273 777 2325 praesentia
811 2273 991 2310 monebo.

263 2329 513 2380 Quicunque,
522 2328 635 2378 hujus
645 2327 829 2365 doctrinae
840 2339 991 2377 expers,

262 2383 416 2422 codices
440 2381 560 2419 MSS,
579 2380 802 2420 conferendi
822 2380 992 2417 laborem

261 2436 488 2489 susceperit,
501 2436 532 2473 is
544 2447 722 2486 magnam
734 2441 883 2486 partem
894 2433 993 2470 fruc-

264 2501 372 2530 tuum
391 2503 540 2535 eorum,
560 2489 625 2539 qui
644 2501 693 2526 ex
712 2488 844 2525 labore
863 2500 933 2524 suo
953 2486 991 2523 in

265 2559 385 2596 remp.
406 2543 613 2582 literariam
633 2540 850 2580 redundare
871 2548 911 2578 et
926 2553 993 2591 po-

264 2606 392 2638 terant
411 2606 451 2636 et
471 2597 677 2642 debebant,
707 2593 992 2646 disperdiderit.

263 2654 342 2696 Qui
367 2653 469 2690 hanc
497 2650 711 2689 doctrinam
736 2649 874 2694 nescit,
904 2647 993 2684 dum

266 2706 520 2757 ignorantiam
534 2717 643 2742 suam
659 2702 823 2742 candide
838 2702 993 2746 fatetur,

267 2761 425 2799 inscitiae
463 2766 611 2797 tantum
652 2770 759 2800 reus;
791 2756 854 2806 qui
889 2768 995 2801 vero,

268 2814 416 2852 nescire
434 2826 511 2850 non
533 2819 752 2855 contentus,
773 2810 995 2860 ignorantiae

267 2881 345 2905 suae
374 2874 609 2905 contemtum
632 2864 823 2916 praetexit,
844 2864 997 2914 majoris

269 2922 390 2972 culpa·
429 2920 548 2958 affinis
586 2928 654 2958 cst.
715 2919 922 2965 Ἠγώνισταὶ
961 2936 996 2964 γε

1041 662 1117 712 πξός
1145 661 1218 702 τοὺς
1248 663 1414 710 ἀμούσους
1442 662 1523 713 ὑπὲξ
1553 665 1707 707 Μουσῶν,
1741 662 1772 698 οἳ

1041 714 1098 750 καὶ
1120 714 1284 757 κακοῆθως
1304 714 1587 768 ἀποδιδράσκουσι
1608 715 1660 753 τόν
1679 716 1773 761 ἕλιγ-

1040 786 1103 816 χον
1130 770 1187 809 τῆς
1215 769 1380 817 ἀμαθίας,
1409 770 1454 821 Tc}
1473 769 1697 816 καταφεύγειν
1717 769 1771 807 ἐπὶ

1041 823 1096 860 τὴν
1116 821 1275 874 λοιὲοξίαν
1295 821 1332 861 ὗν
1351 823 1559 869 imminuam.
1591 821 1774 872 synesius

1042 875 1162 912 Dion.
1176 888 1214 926 p.
1230 879 1293 914 54.
1313 875 1362 914 B.

1097 932 1136 967 3.
1155 930 1238 966 ποτὲ
1253 929 1370 967 habet
1384 929 1432 968 L.
1448 930 1603 976 rectius,
1620 936 1660 967 et
1674 927 1773 967 infra

1043 985 1134 1021 360.
1150 981 1230 1030 &²33²
1239 983 1355 1021 etiam
1368 983 1434 1022 hic
1449 992 1488 1022 et
1501 988 1541 1022 4.
1556 983 1604 1020 L.
1623 982 1717 1020 Ald.
1732 990 1776 1020 ut

1044 1036 1169 1079 edidi;
1197 1037 1333 1075 melius
1351 1036 1514 1076 fortasse
1536 1049 1652 1088 quam
1672 1035 1774 1088 quod

1043 1089 1132 1127 alibi
1147 1102 1303 1129 manere
1322 1100 1455 1142 passus
1469 1104 1566 1138 sum,
1581 1087 1671 1140 μηδ’.

1097 1148 1134 1182 4.
1163 1147 1257 1196 χέξες
1283 1144 1439 1195 praefert
1458 1143 1704 1196 Musgravius
1725 1155 1775 1181 ex

1043 1196 1216 1247 margine
1229 1198 1320 1236 MS.
1334 1201 1451 1237 2816.
1468 1198 1605 1247 (voluit
1615 1198 1776 1235 fortasse

1044 1253 1164 1289 2818.
1182 1264 1296 1302 quem
1309 1251 1401 1289 alias
1417 1253 1468 1290 D.
1483 1251 1634 1303 vocat.)
1673 1251 1776 1289 Con-

1044 1304 1172 1342 fundit
1212 1307 1411 1357 ’ἐςετμῆσαι
1476 1313 1516 1342 et
1579 1307 1776 1356 ἓρετμῶσαι.

1045 1359 1246 1408 'Epa-tahan
1259 1366 1318 1396 est
1330 1357 1552 1409 simpliciter
1565 1359 1751 1409 remigare
1757 1372 1775 1400 ,-

1046 1415 1226 1460 ἐρετμῶσαι
1251 1412 1436 1463 remigare
1453 1425 1596 1463 cogere,
1622 1410 1778 1461 remigio

1043 1463 1246 1516 applicare.
1299 1464 1521 1515 Hesychius
1554 1477 1575 1502 e
1610 1463 1778 1515 Tragico

1045 1517 1208 1564 LeXico‚
1246 1518 1463 1567 Ἕρετμῶσαι.
1510 1519 1640 1561 κῶπαις
1675 1517 1778 1570 ἁρμό-

1045 1585 1119 1609 σαι·
1150 1571 1255 1623 quod
1275 1571 1353 1610 huc
1368 1572 1468 1610 bene
1488 1572 1640 1611 rettulit
1652 1572 1779 1610 Abre-

1045 1625 1186 1664 schius.
1212 1626 1459 1677 Comparavit
1472 1626 1674 1675 Orpheum
1686 1628 1780 1665 356.

1045 1684 1158 1729 χεῖρσις
1213 1679 1451 1731 ἓρετμῶσαντες
1508 1678 1779 1723 Ruhnkenlus‚

1048 1733 1171 1784 Epist.
1193 1733 1289 1772 Crit.
1314 1748 1353 1785 p.
1376 1736 1468 1772 241.
1496 1733 1558 1772 ed.
1583 1746 1672 1772 nOV.
1698 1730 1781 1781 ‘abr'

1047 1788 1179 1826 mallet
1199 1787 1429 1826 Brunckiu's.

1101 1845 1138 1880 5.
1179 1841 1294 1893 ἀνδρῶν
1331 1843 1487 1892 ἀρίστων.
1550 1841 1615 1879 Sic
1650 1840 1780 1879 vocari

1045 1908 1156 1946 posse
1178 1899 1425 1945 Argonautas
1440 1907 1554 1933 nemo
1572 1894 1698 1933 nescit
1711 1901 1780 1934 aut

1045 1955 1176 1999 negat.
1194 1949 1272 1987 Sed
1284 1948 1424 2001 potiori
1429 1951 1521 2000 jure
1533 1954 1779 2000 expectasses

1045 2002 1246 2054 epitheton
1275 2005 1488 2056 proprium,
1516 2001 1620 2053 quod
1646 2001 1684 2038 in
1712 2014 1779 2040 eos

1047 2056 1148 2094 solos
1168 2056 1340 2104 caderet,
1353 2059 1509 2107 ἀριστέων·
1519 2054 1683 2101 scilicet,
1700 2068 1778 2106 quo

1047 2110 1203 2148 nomine
1222 2111 1375 2161 quoties
1393 2122 1416 2148 a
1435 2108 1560 2160 poe'tis
1577 2108 1777 2160 appellen-

1047 2172 1124 2211 tur,
1140 2164 1236 2202 nihil
1255 2177 1351 2216 opus
1371 2169 1430 2201 est
1450 2162 1639 2213 exemplis
1651 2169 1780 2200 osten·

1048 2217 1155 2256 dere.
1202 2217 1260 2254 Ea
1279 2218 1396 2269 igitur
1415 2217 1502 2255 loca
1520 2223 1672 2255 tantum
1691 2229 1779 2267 pro-

1049 2271 1183 2317 feram,
1218 2271 1283 2308 ubi
1318 2271 1421 2321 ἄνδρες
1460 2273 1605 2321 ἀριστεῖς
1638 2282 1779 2308 vocan-

1049 2333 1123 2362 tur.
1154 2324 1339 2376 Apollon.
1360 2323 1490 2363 Rhod.
1504 2323 1537 2362 Ι.
1559 2325 1624 2364 70.
1646 2324 1780 2372 ῗΩρσεν,

1049 2378 1244 2428 ἀριστήεσσι
1277 2379 1336 2417 σὺν
1370 2377 1525 2430 ἀνδράσιν
1552 2377 1637 2428 ’ὄφρα
1669 2382 1780 2415 νέοιτο.

1049 2432 1094 2469 Il·
1126 2436 1218 2472 460.
1252 2436 1345 2472 960.
1378 2430 1542 2484 ἐξιστῆων
1573 2432 1691 2469 στόλον
1720 2433 1778 2467 ἀν-

1047 2486 1134 2536 δρῶν.
1181 2489 1272 2525 4⁴65.
1315 2488 1430 2525 αὐτόθι
1472 2484 1599 2534 μίμνειν
1639 2480 1782 2522 Ks‘xmr'

1049 2539 1244 2590 ἀριστῆεσσι
1273 2540 1331 2579 σὺν
1359 2539 1525 2588 ἀνδράσιν.
1553 2537 1629 2575 111.
1661 2540 1779 2576 1004.

1050 2594 1113 2631 εἰἰιε
1158 2593 1311 2637 σαώσαις
1348 2594 1476 2632 Τόσσον
1515 2590 1682 2644 ἂςιστῆων
1719 2593 1778 2629 ἇν-

1049 2649 1123 2699 ag&
1141 2650 1271 2686 στόλον.
1330 2646 1493 2685 Phrasin
1521 2651 1680 2697 usurpat
1701 2644 1779 2682 Eu-

1050 2701 1191 2752 ripides
1220 2701 1307 2753 Iph.
1339 2711 1381 2739 A.
1410 2702 1475 2738 28.
1528 2700 1600 2746 Οὔκ
1637 2697 1779 2746 ἄγαμαι

1050 2754 1152 2793 ταῦτ’
1191 2755 1296 2807 ἀνδρὸς
1335 2757 1503 2806 ἇξιστέως.
1564 2750 1650 2789 Nec
1692 2764 1778 2790 raro

1052 2816 1234 2861 corrupta
1247 2809 1320 2848 fuit
1334 2809 1418 2846 haec
1432 2819 1520 2845 vox.
1553 2804 1683 2844 Schol.
1700 2805 1778 2842 Vi}-

1051 2864 1186 2902 loison.
1212 2864 1259 2901 ad
1280 2864 1326 2901 Il.
1351 2871 1389 2901 Γ.
1412 2860 1512 2900 19.ἢ
1538 2858 1614 2902 τοὺς
1639 2861 1777 2910 cipio-'nik

1052 2917 1112 2955 τῶν
1155 2916 1269 2968 Τρώων
1316 2914 1528 2968 προετρέπετο
1578 2912 1671 2951 κατὰ
1719 2913 1779 2949 τῶν
