1891 3230
293 234 817 274 sUPPLEMENTUM
852 236 936 273 AD
972 235 1465 275 PRAEFA‘rmNssM.
1571 221 1641 274 lxi

144 336 308 390 tiones
336 337 584 403 omiserit,
613 340 846 413 adeoque
889 340 992 393 veri
1034 340 1265 412 vestigia,
1307 350 1558 413 quantum
1595 340 1645 392 in

145 425 265 497 ipsis
306 427 491 490 fuerat,
546 430 918 501 suppresserit3
960 447 1122 500 quare
1158 430 1199 483 si
1238 431 1289 483 in
1331 429 1646 502 quibusdam

143 514 269 566 locis
290 515 607 589 corrigendis
634 518 816 582 erravi,
848 515 1047 570 veniam
1087 518 1238 571 facile
1282 538 1362 571 me
1403 519 1649 588 impetra-

146 616 320 657 turum
352 624 519 676 spero,
550 605 775 657 maxime
803 605 1086 676 gavisurus,
1106 605 1145 656 si
1166 604 1331 659 ,MSS
1353 605 1430 656 vel
1455 603 1650 656 Gram-

146 693 323 746 matici
377 693 590 746 meliora
646 694 772 745 meis
831 693 1320 748 subministrabunt.
1427 695 1531 747 Καί
1575 720 1650 766 μοι

146 781 280 834 τοῦτο
323 784 375 835 τὸ
414 782 520 842 ἔπος
560 781 707 851 ἔχε’-τω
735 782 778 844 ἔς
805 781 967 836 πάντα
994 782 1069 836 τέν
1096 783 1248 851 λόγον.
1326 782 1464 836 Satis
1491 784 1651 856 igitur

146 883 255 922 erat
284 871 335 922 in
363 869 609 943 Sophocl.
638 871 730 942 Aj.
762 874 887 924 524.
928 871 1158 943 vulgatae
1195 871 1403 925 lectioni
1443 885 1650 926 contro-

148 961 361 1012 versiam
407 981 434 1013 e
483 959 644 1013 Suida
685 959 921 1013 movisse.
1002 960 1191 1013 Postea
1230 961 1449 1013 duorum
1502 961 1650 1014 Pari-

147 1051 390 1103 siensium
433 1050 606 1103 Suidae
647 1050 884 1102 codicum
916 1050 1251 1103 collationem
1297 1063 1476 1104 nactus
1516 1072 1647 1116 sum,

149 1158 379 1210 quorum
413 1158 548 1192 unus
578 1139 752 1201 habet,
793 1159 910 1191 curn
947 1138 1268 1210 principibus
1309 1142 1649 1205 editionibus,

149 1229 250 1281 Ov’ae
277 1231 330 1282 ὁὲν
355 1228 508 1294 γένοιθ’
527 1229 656 1290 οὗτος
683 1229 855 1297 εὖγενῆς
881 1229 1001 1305 οἷνῆρ,
1029 1231 1158 1283 alter
1183 1230 1429 1301 (Kusteri
1457 1232 1651 1284 Scilicet

151 1317 278 1371 MS.
303 1319 396 1384 A.)
424 1318 583 1379 Οὕτως
606 1318 767 1387 ’γένοιτ’
790 1320 847 1372 ἂν
873 1319 992 1380 οὗτος
1020 1319 1192 1386 εὔγενῆς
1215 1319 1337 1395 ἀνήρ.
1401 1319 1505 1372 Sed
1530 1340 1649 1372 cum

149 1427 211 1459 ex
234 1408 549 1478 Augustano
574 1409 752 1462 codice
780 1407 1138 1470 Hermannus,
1168 1407 1326 1461 Praef.
1347 1409 1413 1461 ad
1440 1408 1573 1461 Hec.
1600 1430 1648 1480 p.

151 1495 238 1549 65.
275 1499 562 1567 protulerit,
603 1497 704 1551 Ou'zc
731 1497 785 1551 ἂν
811 1498 974 1565 γένοιτ’
998 1495 1056 1550 ἔθ’
1079 1496 1220 1562 οὗτος,
1263 1501 1425 1568 (unde
1465 1500 1649 1571 depra-

155 1599 271 1638 vata
296 1587 452 1640 videri
477 1588 635 1659 possit
656 1589 777 1641 edd.
803 1588 958 1641 Med.
978 1586 1104 1640 Ald.
1127 1599 1179 1639 et
1204 1591 1359 1640 unius
1378 1586 1504 1641 MS.
1527 1587 1647 1640 Par.

152 1678 325 1745 lectio)
369 1698 469 1730 non
516 1676 755 1749 equidem
802 1675 1137 1739 intercedam,
1183 1696 1284 1749 quo
1328 1675 1505 1729 minus
1551 1675 1651 1729 hoc

150 1770 382 1841 adopteS.
444 1767 529 1821 Sic
556 1767 607 1819 in
631 1766 905 1837 AEschyIO,
928 1765 1107 1838 Suppl.
1131 1771 1254 1821 800.
1287 1778 1522 1820 veterum
1543 1767 1651 1820 edi-

153 1859 355 1911 tionum
405 1855 678 1909 lectionem
725 1853 962 1907 indicare
1009 1866 1306 1917 contentus,
1348 1853 1474 1906 nihil
1516 1854 1652 1906 ultra

150 1947 466 2018 quaerebam.
546 1943 696 1996 Male
740 1943 1006 2014 repetitam
1045 1942 1242 2014 alioqui
1268 1943 1580 2014 particulam
1607 1941 1652 1995 δὲ

153 2035 257 2086 fore
280 2035 368 2106 qui
398 2034 690 2109 culparent,
722 2035 1002 2106 praevidere
1045 2047 1296 2105 poteram,
1338 2035 1427 2087 sed
1468 2055 1499 2087 a
1538 2055 1650 2107 pro-

152 2123 316 2193 posito
356 2124 558 2194 digredi
594 2124 853 2176 nolebam.
934 2124 1033 2176 Illa
1061 2123 1104 2176 δὲ
1132 2124 1452 2177 adversativa
1478 2138 1572 2188 est,
1600 2138 1653 2178 et

156 2209 288 2263 idem
333 2212 435 2265 fere
478 2214 615 2267 valet
655 2215 800 2286 quod
843 2213 992 2265 α’λλαῖ.
1070 2214 1261 2266 Sensus
1299 2227 1393 2278 est,
1441 2216 1653 2269 Utinam

155 2301 274 2351 milei
311 2304 447 2355 sedes
482 2312 603 2356 esset
642 2307 694 2355 in
734 2305 933 2366 weltere,
974 2305 1062 2356 sed
1098 2306 1235 2356 sedes
1277 2307 1531 2373 ejnsnwdi,
1570 2307 1653 2356 ubi

154 2391 304 2443 nubes
322 2410 513 2462 aquosae
534 2395 585 2444 z'n
607 2393 770 2444 nivem
795 2401 1095 2445 vertuntur:
1121 2413 1305 2464 nempe
1328 2413 1390 2445 ne
1411 2393 1652 2446 Deorum

157 2482 309 2533 vitam
353 2492 530 2552 optare
576 2482 852 2547 videretur,
899 2483 975 2535 his
1020 2484 1185 2536 verbis
1227 2483 1435 2536 Chorus
1473 2496 1652 2537 votum

155 2591 311 2623 suum
340 2581 609 2641 temperat.
690 2571 744 2624 Si
787 2585 958 2624 tamen
993 2572 1246 2643 particula
1274 2572 1487 2623 omnino
1511 2572 1655 2643 ejici-

156 2663 289 2714 enda
316 2674 465 2724 esset,
509 2681 683 2713 versus
718 2662 790 2715 ita
830 2664 1016 2735 corrigi
1059 2665 1290 2723 deberet,
1334 2661 1449 2734 Πρός
1474 2659 1518 2713 ἓν
1543 2663 1656 2730 >cmlv

155 2746 318 2823 ὑδρηλοὶ
343 2750 555 2814 ’γίγνεται
585 2749 703 2813 νέφη.

237 2835 366 2890 Haec
386 2838 563 2900 habui,
585 2838 955 2893 Adolescentes
979 2841 1177 2912 optimi,
1193 2860 1313 2912 quae
1335 2842 1400 2895 de
1421 2863 1657 2895 commu-
