1891 3230
271 213 797 252 SUPPLEMENTUM
832 214 915 248 AD
950 212 1443 251 pamma-mnam.
1519 193 1623 248 xvii

124 313 259 368 OEd.
291 314 356 369 C.
393 320 548 377 1597.
629 313 846 386 Duplex
873 315 1151 387 aliquando
1171 325 1508 386 augmentum
1532 315 1622 368 ad-

121 405 325 467 misere,
349 419 404 456 ut
427 404 476 457 in
493 402 771 475 ἦνεσχόμην,
797 403 1079 475 α’νεσχόμην,
1103 424 1319 477 quorum
1348 417 1622 478 utrumque

121 492 357 566 Tragicis
379 494 627 548 familiare
644 513 658 554 3
686 495 774 547 sed
796 494 1034 565 η’νεχόμην,
1057 496 1195 569 quod
1218 494 1481 565 Sophocli,
1507 495 1625 547 Ari-

122 584 381 654 stophani,
404 598 455 637 et
479 583 704 646 Platoni,
723 585 1000 636 obtrudere
1024 595 1244 636 conatur
1260 582 1538 635 Piersonus
1558 584 1622 636 ad

125 670 322 726 Moerin
353 694 400 744 p.
440 671 557 736 176,
588 673 857 726 Brunckio
885 673 1216 735 assentiente,
1240 692 1380 724 mera
1405 683 1483 724 est
1510 674 1625 724 bar-

123 763 311 816 baries.
388 763 557 815 Aldus
596 776 649 814 et
681 764 1001 815 membranae
1026 760 1278 832 ἠνσχόμην,
1306 760 1515 814 Scholia
1544 781 1626 813 ve-

123 864 236 905 tera
273 857 479 912 nlszmm·
559 850 783 905 Codices
810 851 1022 923 quidam
1049 846 1271 920 ἷσχόμην,
1309 849 1430 901 satis
1472 862 1627 913 recte,

125 941 219 993 nisi
250 942 439 994 rectius
467 942 726 1013 praeberet
750 940 1060 993 Eustathius
1088 938 1291 1011 ἐσχόμην
1317 942 1385 993 ad
1413 939 1476 992 Il.
1499 950 1552 993 E.
1577 962 1627 1013 p.

124 1038 250 1095 529,
284 1038 557 1093 18:400,
585 1035 673 1085 52.
756 1028 1051 1091 Nimirum,
1092 1049 1210 1081 cum
1242 1030 1401 1083 semel
1426 1028 1632 1100 ἶσχόμην

124 1122 173 1174 in
203 1120 431 1193 η’σχόμην,
468 1122 608 1194 quod
637 1139 727 1191 pro
763 1119 903 1171 varia
929 1119 1151 1172 lectione
1192 1121 1397 1192 praebet
1439 1122 1632 1175 Eusta-

126 1212 280 1274 thius,
303 1225 604 1282 corruptum
629 1222 780 1272 esset,
804 1209 924 1261 inde
951 1227 1234 1280 provenere
1254 1210 1353 1263 ista
1373 1220 1632 1281 portenta,

124 1299 372 1372 ηἶσχόμην,
395 1299 644 1372 ἠνσχόμην,
671 1311 722 1352 et
748 1298 871 1371 quid
903 1299 1047 1351 non?
1125 1299 1495 1371 Aristophanis
1522 1318 1635 1352 ver-

127 1411 209 1444 sus
238 1392 515 1444 mendosus
544 1402 638 1443 est.
721 1386 887 1443 MSS.
918 1400 1011 1441 aut
1036 1386 1322 1459 ἦνεσχόμεθα
1347 1398 1439 1440 aut
1463 1385 1634 1455 η’νειχό·

125 1483 246 1551 μεθοι
273 1483 485 1544 habent,
506 1500 800 1554 quanquam
825 1478 978 1530 silent
1003 1476 1298 1530 Brunckius
1325 1489 1378 1530 et
1399 1475 1637 1530 Inverni-

128 1571 254 1634 zius,
268 1571 354 1644 qui
372 1593 398 1624 e
423 1570 641 1624 Kusteri
660 1568 1058 1640 interpolatione
1079 1565 1369 1638 ἧνεχόμεσθοι
1390 1567 1632 1618 retinent.

130 1661 195 1714 In
219 1660 451 1714 Platonis
474 1658 779 1721 Charmide,
806 1679 855 1730 p.
884 1655 1005 1712 162.
1039 1655 1114 1709 D.
1146 1656 1286 1710 HSt.
1313 1655 1501 1724 ἦνὲχετο
1529 1675 1637 1708 me-

132 1770 244 1804 rum
280 1762 357 1803 est
396 1749 639 1803 editionis
677 1749 1106 1802 Francofurtanae
1149 1747 1464 1819 typographi
1499 1765 1637 1799 erra-

132 1857 262 1905 tum,
288 1842 374 1915 qui
403 1841 691 1913 simplicem
718 1864 760 1908 χ
783 1839 987 1892 literam
1019 1859 1109 1910 pro
1140 1858 1272 1891 nexu
1301 1862 1348 1911 95
1377 1836 1636 1909 posuerit;

131 1943 316 1986 ceterae
344 1932 481 1986 enim
510 1951 690 1986 omnes
719 1939 859 1985 recte
883 1929 1106 1999 η’νέσχετο
1120 1929 1172 1983 *.

204 2022 325 2094 (E)
368 2021 509 2076 Cum
539 2023 605 2075 de
634 2023 737 2075 hac
763 2023 1050 2094 quaestione
1087 2034 1166 2075 tot
1199 2021 1314 2075 aliae
1356 2020 1635 2093 pendeant,

133 2112 293 2165 visum
320 2126 397 2164 est
439 2100 544 2164 rem
587 2112 757 2184 paullo
794 2112 948 2164 altius
989 2125 1237 2183 repetere,
1266 2125 1318 2164 et
1349 2111 1638 2183 praecipuas

133 2203 367 2256 versuum
397 2202 764 2265 iambicorum,
791 2202 1190 2266 trochaicorum,
1225 2214 1276 2254 et
1303 2200 1641 2274 anapaestico-

134 2312 244 2345 rum
275 2293 414 2363 leges
442 2292 600 2345 semel
629 2312 936 2345 memorare.

206 2381 451 2435 Senarius
492 2382 759 2445 iambicus,
795 2382 900 2435 sive
943 2381 1200 2446 trimeter,
1237 2395 1294 2434 ut
1322 2393 1513 2434 notum
1543 2390 1638 2442 est,

132 2492 217 2524 sex
247 2471 448 2535 iambis,
475 2471 516 2524 si
545 2472 699 2544 priori
728 2473 939 2526 nomine
970 2472 1146 2536 uteris,
1189 2479 1428 2530 constat;
1471 2470 1639 2522 tribus

133 2561 330 2624 metris,
358 2561 463 2614 sive
496 2562 745 2634 dipodiis,
774 2563 823 2615 id
853 2574 950 2625 est,
978 2561 1237 2625 diiambis,
1265 2562 1306 2614 si
1347 2558 1638 2633 posteriori.

135 2651 213 2705 Et
242 2652 324 2704 hic
351 2665 429 2704 est
456 2652 718 2724 perfectus
740 2653 989 2714 senarius,
1020 2650 1102 2703 vel
1129 2652 1378 2704 trimeter.

245 2854 265 2874 ³*
298 2853 363 2894 Sic
382 2856 556 2906 ποιςίχιτο
574 2867 646 2907 pro
666 2857 856 2907 παρέσχετο
876 2853 1011 2893 eadem
1031 2852 1093 2893 ed.
1112 2853 1152 2891 in
1172 2850 1275 2892 Tim.
1295 2865 1334 2904 p.
1353 2853 1466 2893 1084.
1487 2850 1535 2889 C.

879 2941 911 2976 C
