1891 3230
281 232 801 269 SUPPLEMENTUM
838 235 923 269 AD
959 236 1448 273 PRAEPA'rIONnM.
1538 221 1623 273 lvii

114 330 213 386 αὖθ’
239 332 486 409 ὅπλοτὲξων
523 332 684 410 dude&
720 335 986 409 α’ρχώμεθοι,
1030 336 1230 399 Μοῦσαι,
1270 337 1499 401 citando,
1538 337 1618 390 οἷν-

115 422 216 495 δρῶν
242 422 437 474 omittit
461 420 753 476 Larcherus
779 425 843 477 ad
877 423 1137 478 Herodot.
1161 425 1260 479 IV.
1283 431 1372 479 3⁶2.
1400 427 1485 479 ed.
1517 438 1616 479 utr.

113 512 387 583 Aristoph.
418 510 567 563 Eccl.
596 514 720 571 742.
750 510 873 586 α’νῆρ,
914 513 965 563 in
1003 513 1124 565 edd.
1164 512 1416 586 plerisque
1457 513 1618 566 omis-

97 621 246 673 sum,
285 601 489 653 addunt
526 599 711 662 Junta,
754 602 919 654 codex
961 602 1232 665 Brunckfi,
1274 617 1346 665 et,
1387 616 1443 656 ut
1471 618 1620 676 puto,

116 689 251 744 Rav.
275 689 526 744 Cratinus
549 690 799 743 Athenaei
824 691 900 744 ΙΙ.
927 712 975 763 p.
1000 692 1090 746 68.
1117 692 1186 746 A.
1213 694 1424 746 Γλαῦκον
1446 693 1497 746 ου’
1515 693 1624 769 πξός

112 779 287 840 mur&
313 778 461 855 ἀνδρός
485 779 610 834 ἔστιν
630 780 830 855 α’ρτῧσοιι
859 782 1028 841 καλῶς.
1089 782 1174 835 Sic
1203 782 1503 854 legendum,
1531 785 1623 835 ad-

113 869 225 922 dito
251 870 388 943 quod
427 871 712 933 exciderat,
754 868 919 943 οἷνὸρός.
999 870 1149 924 Idem
1180 872 1365 926 Suidas
1400 872 1450 923 in
1483 871 1620 924 Plut.

120 957 279 1012 1026.
310 978 400 1030 pro
428 959 528 1023 φίλ’
553 955 650 1034 ἄνερ
679 959 838 1011 habet
868 957 1066 1023 φίλτατ’
1085 959 1203 1035 ἄνερ,
1230 961 1366 1032 quod
1398 961 1530 1013 male
1557 962 1624 1013 ad

115 1053 243 1110 788.
274 1049 428 1101 refert
460 1047 772 1100 Brunckius.
813 1047 958 1109 Jam,
987 1050 1166 1112 credo,
1192 1049 1372 1112 lector,
1401 1050 1506 1120 ipse
1536 1070 1625 1121 per

116 1149 167 1189 te
206 1137 496 1208 suspicaris,
538 1157 620 1188 me
661 1137 833 1206 legere
875 1136 1023 1199 velle,
1064 1136 1099 1190 ἑῖ
1134 1136 1257 1211 μητέρ’
1293 1135 1468 1212 ἀνδρῶν.
1551 1137 1628 1190 Et

115 1238 255 1280 recte
273 1224 559 1297 suspicaris.
591 1223 801 1276 Eodem
819 1224 974 1276 modo
996 1224 1130 1277 dixit
1147 1223 1476 1287 Theocritus,
1497 1225 1624 1278 XV.

114 1319 204 1379 74.
246 1315 343 1381 φίλ’
368 1311 547 1388 ἀνδρῶν,
592 1311 948 1365 Callimachus
982 1314 1120 1385 apud
1148 1313 1295 1367 Suid.
1326 1335 1372 1367 v,
1402 1313 1626 1369 ἑπαύλια.

114 1413 277 1479 ‘nenda
303 1403 539 1470 γυναικῶν.
620 1401 832 1454 Eodem
863 1403 1018 1455 modo
1047 1402 1237 1474 saepius
1263 1403 1400 1456 dixit
1422 1404 1628 1456 Aristo-

114 1494 311 1565 phanes
337 1492 374 1546 ὅ
399 1489 586 1562 ὃαιμόνῖ
609 1488 788 1567 ἀνδρῶν,
830 1491 918 1564 qui
945 1502 999 1545 et
1022 1491 1056 1543 5
1079 1490 1344 1569 μιαρώτατ’
1368 1493 1627 1568 ἀνθρώπων,

118 1580 254 1634 Ran.
290 1584 447 1633 1520.
477 1579 701 1650 denique
737 1578 772 1631 ὅ
803 1576 992 1647 σχέτλι’
1018 1579 1178 1652 ἀνδρῶν
1213 1581 1266 1634 in
1293 1582 1474 1634 eadem
1504 1601 1627 1635 ana-

117 1670 311 1744 paestici
338 1670 477 1733 sede,
507 1669 643 1722 Ran.
676 1674 835 1722 1081.

192 1761 382 1816 Unum
413 1762 465 1813 in
497 1761 721 1813 tironum
753 1761 978 1832 gratiam
1007 1761 1224 1814 verbum
1252 1763 1446 1816 addere
1482 1764 1625 1817 libet.

118 1851 296 1906 Nemo
341 1852 521 1915 nescit,
562 1852 842 1906 dissolutos
867 1853 1023 1924 pedes
1053 1853 1152 1905 hoc
1182 1874 1418 1906 versuum
1458 1876 1625 1927 genus

114 1961 306 2004 amare,
351 1953 406 1993 ut
433 1940 644 2003 scilicet,
686 1940 726 1992 si
755 1941 1030 1992 commode
1059 1941 1166 1993 fieri
1195 1941 1370 2014 possit,
1411 1942 1625 2015 singulae

116 2033 340 2105 dipodiae
366 2032 584 2102 integris
614 2031 781 2084 verbis
808 2031 1160 2083 absolvantur.
1240 2032 1342 2085 Sed
1375 2034 1510 2086 hanc
1549 2054 1625 2086 re-

117 2127 312 2198 gulam,
340 2144 494 2197 quam
527 2109 669 2175 nimii
699 2121 889 2174 laboris
917 2133 1051 2173 esset
1077 2131 1378 2175 constanter
1405 2143 1626 2187 servare,

118 2235 220 2267 non
251 2215 364 2266 raro
394 2212 748 2284 negligebant,
781 2224 837 2264 ut
861 2210 1002 2263 Plut.
1029 2216 1154 2271 519.
1180 2218 1306 2272 570.
1332 2218 1459 2267 584.
1505 2216 1627 2269 Hoc

118 2316 292 2356 tamen
322 2303 594 2364 cavebant,
626 2321 706 2365 ne,
734 2301 775 2354 si
803 2301 1060 2353 secundus
1091 2320 1176 2372 pes
1205 2303 1446 2376 dactylus
1474 2319 1625 2366 esset,

120 2392 301 2445 tertius
332 2392 608 2463 spondeus,
651 2391 832 2443 ultima
874 2389 1072 2459 dactyli
1111 2391 1310 2461 syllaba
1350 2393 1625 2446 iambicam

118 2503 299 2536 vocem
347 2494 438 2533 aut
482 2483 818 2536 bacchiacam
859 2481 1162 2540 inchoai·et;
1212 2482 1349 2553 quod
1393 2502 1513 2534 sane
1556 2484 1623 2534 ab

117 2595 241 2626 aure
267 2572 587 2633 admonitus,
628 2574 761 2624 bene
805 2571 1002 2624 notavit
1034 2569 1330 2622 Brunckius
1369 2572 1433 2623 ad
1474 2571 1622 2627 Eccl.

120 2664 247 2716 514.
276 2658 613 2731 Ξυμζοῦλοισιν
646 2659 858 2719 ‹indo-acc,-
890 2658 897 2731 Ι
932 2660 1050 2730 ὑμῖν,
1094 2672 1145 2711 et
1183 2660 1396 2730 corrigit
1429 2659 1626 2720 ποία-αις.

123 2751 433 2804 Rectissime
463 2748 727 2819 vulgatur,
758 2746 918 2800 Nub.
949 2751 1075 2799 Δ400.
1127 2745 1282 2798 Ἀλλοὲ
1309 2744 1384 2798 τᾶν
1411 2745 1547 2799 αὑτοῦ
1572 2773 1627 2814 «γε

121 2839 217 2893 νεῶν
237 2840 427 2901 βάλλει.
460 2835 679 2892 Omittit
699 2858 754 2902 «γε
781 2834 1099 2897 Demetrius,
1126 2835 1281 2897 unde,
1305 2835 1344 2887 si
1367 2835 1478 2908 quis
1498 2855 1626 2907 [ΜΕ-

1114 2924 1144 2974 h
