1843 3198
160 240 209 291 iv
744 257 1088 293 PRAEFATIO.

158 377 261 410 non
290 358 438 428 plane
465 357 681 427 quidem
709 374 896 408 novam
913 354 965 418 sss,
997 352 1248 426 plerisque
1290 362 1467 406 tamen
1512 353 1657 426 igno-

128 470 129 520 ]
158 461 283 508 tam,
310 467 463 518 quam
496 446 793 498 brevissime
819 444 1114 515 explicabo.
1193 441 1427 495 Tantum
1457 441 1660 495 scilicet

156 538 320 600 abest,
351 557 464 588 mea
490 535 760 598 sententia,
790 548 848 588 ut
873 547 1168 606 anapaestus
1192 553 1286 605 pro
1313 532 1541 585 secundo
1568 545 1659 584 aut

155 640 335 699 quarto
365 626 492 697 pede
523 638 759 701 ponatur,
791 636 846 676 ut
886 644 949 676 ne
994 644 1084 695 pro
1122 622 1277 676 tertio
1307 622 1523 693 quidem
1564 633 1658 674 aut

155 716 335 788 quinto
362 714 603 767 substitui
635 713 809 784 possit.
893 701 1015 766 Hoc
1042 714 1108 766 de
1135 713 1287 766 tertio
1315 713 1447 784 pede
1477 711 1519 764 si
1543 711 1657 784 quis

153 824 331 857 verum
359 825 466 857 esse
495 805 762 867 concedet,
790 805 1044 856 concedet
1069 825 1099 856 a
1126 804 1346 867 fortiori,
1378 816 1434 856 ut
1463 802 1670 874 Logiciv

158 894 360 956 dicunt,
414 895 478 945 de
532 893 711 965 quinto
766 893 921 944 etiam
977 912 1153 945 verum
1207 911 1348 951 esse3
1418 892 1657 962 dactylus

154 986 310 1045 enim,
339 984 431 1055 qui
459 985 509 1034 in
552 983 707 1036 tertia
747 984 867 1035 sede
912 983 1223 1035 creberrime
1270 992 1562 1052 usurpatur,
1604 980 1657 1033 in

152 1073 331 1146 quinta
360 1093 624 1145 nunquam
651 1086 879 1144 apparet.
965 1071 1277 1143 Anapaestus
1305 1072 1481 1142 igitur,
1509 1068 1550 1120 si
1571 1066 1657 1119 illa

154 1163 461 1224 excluditur,
484 1163 618 1214 hanc
640 1163 830 1214 intrare
851 1181 953 1213 non
977 1175 1166 1233 potest.
1234 1159 1358 1216 Jam
1380 1160 1513 1222 loca,
1537 1176 1656 1231 quae

153 1251 273 1303 huic
317 1252 569 1304 doctrinae
610 1252 967 1313 adversantur,
1015 1263 1123 1303 tam
1166 1271 1329 1321 pauca
1366 1262 1504 1311 sunt,
1549 1261 1655 1300 tam

154 1340 329 1393 facilia
357 1342 636 1393 emendatu
658 1341 923 1413 pleraque,
958 1352 1031 1403 ut,
1059 1341 1099 1391 si
1127 1360 1256 1391 unus
1287 1351 1340 1391 et
1365 1339 1497 1390 alter
1523 1338 1657 1392 forte

154 1432 425 1504 supersint,
446 1430 630 1502 quibus
651 1450 741 1483 nos
761 1429 956 1484 mederi
983 1448 1316 1501 nequeamus,
1338 1448 1441 1480 non
1465 1426 1657 1480 idcirco
1699 1438 1701 1440 ’

152 1541 275 1574 sana
292 1520 584 1593 Judicanda
611 1520 730 1572 sint.
813 1518 1080 1592 Equidem
1104 1518 1297 1582 omnia,
1323 1539 1436 1591 quae
1462 1518 1656 1589 regulae

150 1625 344 1664 nostrae
367 1608 624 1663 contraria
643 1608 936 1672 observavi,
965 1621 1056 1661 aut
1077 1627 1279 1672 sanare,
1308 1621 1398 1661 aut
1417 1608 1658 1660 adversa-

153 1700 238 1754 riis
257 1701 470 1771 eripere,
490 1718 636 1770 posse
659 1697 854 1751 videor.
901 1697 989 1750 Ea
1000 1716 1121 1769 quae
1138 1696 1440 1769 Euripideae
1453 1698 1655 1751 fabulae

152 1792 503 1863 suppeditant,
533 1789 753 1860 singula,
782 1789 872 1841 ubi
896 1789 1096 1841 occasio
1124 1771 1433 1861 postulabit,
1462 1789 1656 1842 exami-

152 1883 309 1934 nabo.
389 1877 667 1952 Quotquot
702 1878 754 1931 in
782 1879 1038 1949 ,ffischylo
1079 1892 1133 1932 et
1171 1879 1431 1950 Sophocle
1475 1900 1656 1934 occur-

154 1983 295 2034 runt,
321 1972 408 2024 hic
437 1971 728 2043 subjiciam.

160 2063 461 2133 AEschylus,
487 2062 757 2116 Prometh.
777 2062 902 2116 246.
952 2060 1050 2115 Καὶ
1070 2060 1158 2132 μὴν
1185 2062 1332 2126 φίλοις
1357 2060 1537 2122 ἔλεεινός
1562 2062 1656 2115 εἷο·-

744 2151 843 2228 ορᾷν
871 2149 976 2217 ἐγῶ.

447 2241 637 2312 Agam.
668 2238 796 2294 664.
833 2238 1050 2316 ’'Heemov·
1095 2239 1147 2292 αἶ
1181 2237 1226 2293 δὲ
1264 2241 1656 2314 κερωτυποῦμεναι

743 2328 852 2398 βίᾳ.

453 2418 691 2491 Οὴοὲρὴ.
722 2422 851 2471 421.
897 2415 1074 2485 ’Έκοῷε
1121 2416 1294 2489 κομμόν
1335 2416 1521 2492 *Aeuom
1563 2417 1654 2472 εἴτε

745 2506 960 2565 Κισσίας.

721 2595 850 2652 654⁴.
891 2594 1053 2673 ’Έιπεξ
1079 2594 1312 2664 φιλὸξενός
1352 2595 1475 2650 ἔστιν
1517 2594 1654 2664 Αἶγῖ-

743 2687 850 2738 σθου
876 2685 984 2746 βία.

206 2866 227 2886 ³*
259 2864 410 2904 Timide
428 2864 624 2917 proposita
639 2870 696 2902 est
711 2864 759 2901 ab
775 2863 899 2901 amico
915 2863 1071 2901 Morelli
1083 2863 1121 2900 in
1135 2864 1169 2901 T
1171 2871 1323 2902 ractatu
1338 2863 1421 2914 ejus
1433 2863 1482 2901 de
1495 2863 1654 2903 Graeco-

141 2943 234 2969 aeum
254 2929 394 2968 Mettis
415 2936 504 2967 ante
525 2929 766 2966 Thesaurum
787 2927 938 2966 Graecae
959 2927 1142 2968 poeseos.
1202 2928 1430 2980 (Dactylum
1458 2927 1497 2966 in
1519 2928 1653 2980 quinta

151 2994 306 3047 Tragici
325 2994 464 3034 senarii
484 3005 679 3045 nunquam
700 3004 919 3039 occurrere,
940 2991 1080 3031 ibidem
1100 2992 1317 3033 observavit
1337 2992 1562 3040 Metellus.)
