1891 3230
270 237 792 276 SUPPLEMENTUM
840 241 923 275 An
971 240 1459 283 PRAEFATIONEM.
1519 228 1622 282 xlix

119 341 293 395 metris
321 340 684 412 AnapaesticiS,
714 362 932 414 quorum
963 363 1092 399 unus
1118 356 1194 400 est
1220 346 1368 401 alteri
1399 347 1621 401 catalec-

118 442 265 484 tinus,

265 517 404 573 Plut.
432 523 562 580 487.
605 519 737 574 Ἀλλ’
759 517 836 581 ἤδη
861 520 971 594 χρῆν
997 545 1040 575 τι
1068 520 1217 589 λέγειν
1242 522 1459 592 ὑμᾶς,-

557 608 792 673 -Σοφδν,
821 607 854 660 35
881 609 1078 672 νικήσετε
1106 610 1241 673 τηνδῖ.

117 711 175 767 In
206 713 372 767 tribus
403 713 660 786 prioribus
687 713 809 766 locis
839 725 1024 784 praeter
1049 726 1365 787 anapaestum
1389 727 1442 770 et
1469 738 1622 790 spon-

114 804 269 856 deum
299 804 508 875 dactylo
537 814 789 863 utuntur3
831 804 974 874 quod
1010 813 1063 856 et
1090 802 1140 856 in
1170 803 1350 876 quinto
1378 805 1528 866 licet;
1568 807 1619 859 in

114 902 300 963 quarto
319 901 371 942 et
392 905 536 943 sexto
565 911 667 943 non
692 891 827 944 licet.
908 890 1180 945 Caesuram
1206 912 1312 946 non
1342 895 1511 947 minus
1538 915 1622 947 ac-

115 993 293 1034 curate
311 993 537 1043 servant,
556 1000 713 1052 quam
733 981 945 1052 Tragici
962 983 1273 1044 Trochaici;
1296 985 1622 1056 paucissimae

113 1081 252 1123 certe
286 1070 612 1141 exceptiones
654 1070 805 1122 hodie
834 1079 1143 1130 occurrunt:
1183 1093 1305 1145 quae
1334 1074 1471 1128 enirn
1499 1075 1622 1128 olim

112 1160 404 1224 exstabant,
447 1160 735 1212 maximam
775 1169 976 1231 partem
1004 1159 1169 1214 MSS.
1196 1173 1250 1214 et
1273 1161 1498 1218 Critices
1521 1184 1622 1237 ope

112 1249 327 1304 sublatae
349 1261 489 1303 sunt.
552 1248 737 1303 Unum
756 1261 809 1302 et
829 1251 1045 1303 alterum
1066 1252 1363 1323 exemplum
1386 1253 1543 1315 dabo,
1568 1255 1624 1307 in

111 1338 298 1412 quibus
324 1340 502 1393 adhuc
531 1340 777 1392 mendum
806 1340 1003 1393 haerere
1032 1339 1282 1394 videatur.
1324 1342 1426 1394 Av.
1455 1340 1583 1396 601.

113 1446 218 1498 Τῶν
240 1443 475 1521 οἶργυρῖων*
504 1443 620 1498 οὗτοι
646 1443 736 1514 ’γοὶρ
762 1443 910 1497 I'coem·
940 1442 1125 1512 λέγουσι
1155 1444 1199 1499 δέ
1217 1471 1284 1498 τοι
1306 1445 1414 1500 τάδε
1433 1446 1622 1508 πάντες.

114 1548 412 1603 Brunekius
440 1549 673 1620 conjicit,
700 1547 818 1602 οὗτοι
844 1546 938 1621 γοέρ
966 1549 1119 1601 ἴσασ”
1159 1548 1252 1617 εἶ”,νε
1278 1549 1485 1617 λέγουσιν
1511 1551 1621 1603 τάδε

112 1638 292 1700 πάντες.
373 1638 562 1692 Malim
592 1637 730 1702 ὥστε,
765 1638 907 1711 quod
936 1637 1176 1710 frequens
1204 1651 1282 1693 est
1312 1638 1364 1691 in
1407 1639 1622 1693 conclu-

111 1728 272 1792 sione,
301 1739 358 1782 ut
382 1748 537 1800 supra
563 1731 693 1782 485.
721 1730 847 1781 488.
878 1725 1005 1787 596.
1056 1727 1204 1780 Nub.
1232 1726 1359 1783 613.

711 1815 870 1887 Vesp.
900 1813 1025 1869 566.

108 1907 211 1960 Κᾶν
234 1905 300 1977 μὴ
325 1905 492 1965 τούτοις
515 1903 910 1976 αἰναπειθῶμεσθοι,
952 1903 1018 1956 τοὶ
1054 1902 1249 1979 παιδάρι’
1275 1904 1396 1966 εὗθῦς
1419 1905 1613 1961 αἶνέλκει.

111 2011 278 2067 Recte
300 2013 607 2067 Brunckius
624 2035 677 2078 γε
700 2010 957 2064 addidisse
981 2010 1199 2076 videtur,
1223 2013 1369 2085 cujus
1389 2032 1513 2066 usus
1531 2035 1616 2067 ex-

108 2103 278 2174 empla
303 2102 509 2174 aliquot
531 2102 690 2155 modo
711 2101 883 2154 attuli.
962 2101 1065 2155 Sed
1087 2100 1449 2174 οἷναπειθώμεθοι,
1473 2105 1616 2177 quod

108 2192 192 2245 ille
243 2193 471 2264 corrigit,
521 2192 794 2264 dactylum
838 2189 1084 2264 relinquit
1135 2190 1189 2243 in
1240 2202 1437 2264 quarta'
1471 2193 1614 2266 sede,

108 2299 264 2352 quern
307 2294 481 2334 tamen
521 2281 764 2335 facillime
802 2280 964 2342 tolleS‚
1007 2282 1307 2352 reponendo
1334 2280 1616 2335 οἱναπεισθῶ-

106 2391 204 2439 μεν,
245 2369 308 2422 τοί
344 2393 399 2437 γε
437 2395 492 2424 π.
569 2371 675 2425 Sed
715 2369 800 2423 alii
843 2369 994 2441 hujus
1033 2370 1234 2442 generis
1275 2390 1448 2423 versus
1474 2383 1618 2425 sunt,

105 2457 266 2529 quiin
291 2458 426 2512 hanc
447 2459 612 2531 legem
640 2470 872 2530 peccant.
944 2458 1031 2511 De
1055 2458 1113 2510 iis
1138 2478 1264 2531 quos
1285 2458 1493 2531 quidem
1518 2459 1612 2510 ob-

107 2547 368 2610 ser-varim,
408 2567 531 2601 mox
569 2549 773 2602 videbo.
854 2548 1075 2600 Interim
1110 2549 1176 2601 de
1214 2565 1410 2600 caesura
1436 2546 1614 2619 loqua-

106 2655 240 2689 mur.
321 2636 458 2689 Aah.
487 2636 615 2692 645.

167 2723 345 2785 ’Ὅστις
367 2723 746 2800 παρεκινδύνευσεν
773 2727 878 2790 Ἀθη
910 2726 919 2800 l
954 2726 1088 2786 ναίοις
1107 2724 1245 2778 εἰπεῖν
1271 2723 1337 2777 τοὶ
1360 2723 1536 2779 δίκαια.

112 2827 287 2882 Etiam
334 2831 384 2883 in
434 2830 533 2883 hoc
577 2850 721 2883 versu
775 2831 1138 2884 constituendo
1196 2829 1373 2883 leviter
1425 2832 1613 2884 erravit

111 2915 421 2975 Brunckius.
503 2919 733 2991 Corrigit
759 2920 894 2973 enim
918 2941 929 2978 ;

845 3030 877 3079 g
