1891 3230
296 232 820 270 SUPPLEMENTUM
857 237 941 271 AD
975 236 1465 274 PRAEFATIONBM.
1556 219 1640 272 xlv

139 339 378 391 dissecari
420 348 593 408 potest
622 339 838 391 verbum
876 341 1236 410 compositum,
1278 340 1430 413 quale
1467 337 1647 417 ἄφρασ-

138 449 229 487 τος,
271 427 359 478 sed
393 446 454 477 ne
482 426 733 479 articulus
763 427 978 497 quidem
1025 449 1118 480 nec
1157 429 1452 500 praepositio
1491 452 1645 504 quar-

138 530 250 569 tum
282 516 468 588 pedem
502 517 798 569 terminare.
881 516 1093 569 Leviter
1120 532 1395 590 corruptus
1423 520 1543 592 Iph.
1574 523 1642 574 A.

141 614 299 669 1391.
323 620 375 660 et
402 607 580 659 leviter
606 607 970 677 corrigendum
1000 607 1139 659 ταῖσδ’
1165 628 1256 679 pro
1284 609 1384 669 τοῖς.
1436 609 1538 662 Sed
1573 629 1644 662 re-

135 699 332 770 gulam,
373 718 524 770 quarn
557 718 709 769 supra
736 699 800 750 de
828 718 986 769 pausa
1015 698 1227 762 tradidi,
1269 699 1645 770 religiosissime

136 800 358 852 servant,
401 788 473 840 ita
503 800 558 840 ut
596 788 785 841 nullam
826 789 1187 861 exceptionem
1228 810 1311 842 me
1349 790 1643 842 observasse

136 877 482 941 meminerim,
504 890 847 950 praeterquam
880 879 1001 931 Hel.
1030 878 1188 932 1648.
1209 878 1487 943 οἷφίστασθ’.
1533 881 1645 933 De-

137 981 302 1023 tracta
329 970 498 1030 litera,
536 968 669 1039 lege,

283 1070 432 1145 Οῗπερ
453 1071 479 1133 ἦ
500 1070 599 1133 δίκη
619 1070 784 1122 κελεύει
810 1069 876 1140 μ’.
899 1070 1013 1123 ἄλλ’
1031 1071 1267 1135 οἷφίστασ·’
1286 1071 1494 1127 ἐκποδών.

134 1184 419 1256 Postquam
464 1182 622 1253 igitur
666 1181 893 1234 breviter
935 1203 1203 1248 monuero,
1245 1205 1496 1240 caesuram
1541 1208 1642 1241 uno

134 1283 335 1325 tantum
364 1271 415 1322 in
444 1271 575 1333 loco,
606 1269 836 1326 Philoct.
871 1276 1028 1326 1402.
1062 1273 1255 1337 violari,

280 1381 337 1435 Εἶ
362 1380 493 1446 δοκεῖ,
521 1381 801 1453 στείχωμεν,
827 1383 862 1435 ἱῧ
886 1394 1081 1451 ’γενναῖον
1106 1383 1284 1459 εἷρηκῶς
1308 1387 1431 1450 ἔπος,

133 1519 305 1572 quem,
323 1512 623 1571 corruptum
646 1521 753 1553 esse
776 1521 894 1553 cum
920 1522 1021 1554 non
1046 1502 1302 1564 dubitem,
1327 1501 1541 1554 medicis
1562 1523 1640 1556 sa-

133 1591 365 1643 nandum
396 1591 729 1653 commendO,
760 1591 824 1642 ad
855 1602 1152 1663 anapaestos
1179 1592 1445 1644 accedam.

205 1678 309 1731 Sed
329 1689 606 1750 antequam
627 1678 846 1730 ulterius
867 1697 1048 1750 pergo,
1065 1678 1257 1731 tirones
1276 1691 1487 1751 rogatos
1508 1679 1639 1743 volo,

135 1778 190 1820 ut
228 1767 504 1820 discrimen
543 1786 783 1818 versuum
824 1766 1165 1838 Tragicorum
1207 1781 1259 1819 et
1300 1766 1639 1821 Comicorum

130 1856 303 1927 paullo
337 1854 634 1927 diligentius
675 1855 1109 1910 animadvertant.
1186 1855 1394 1928 Tragici
1424 1858 1637 1924 scilicet,

130 1947 171 1997 si
201 1945 322 2017 quid
354 1947 458 1998 veri
488 1948 540 1999 in
572 1946 647 2009 iis,
689 1965 815 2017 quae
846 1948 1003 1999 modo
1030 1948 1304 2019 disputavi,
1338 1949 1487 2012 inest,
1515 1971 1638 2003 ana·

131 2048 367 2106 paestum,
413 2037 511 2111 nisi¹
545 2037 594 2088 in
633 2037 799 2108 primo
841 2037 1026 2089 senarii
1067 2039 1199 2108 pede
1240 2051 1293 2090 et
1337 2042 1636 2095 nominibus

129 2126 361 2197 propriis,
401 2126 652 2178 rarissime
683 2127 757 2178 vel
790 2147 1051 2199 nunquam
1082 2127 1444 2191 adhibebant3
1487 2133 1638 2185 raris-

131 2212 256 2269 sime
286 2237 456 2270 versus
484 2239 676 2271 caesura
703 2232 940 2271 carentes
969 2219 1248 2290 scripsere3
1286 2220 1561 2283 rarissime,
1597 2220 1637 2272 si

134 2328 377 2380 unquam,
419 2309 704 2379 spondeum
735 2307 784 2359 in
814 2308 996 2379 quinto
1031 2309 1144 2361 loco
1190 2309 1323 2361 inter
1348 2311 1452 2362 duo
1480 2311 1638 2363 verba

130 2396 658 2469 hypermonosyllaba
685 2397 921 2460 divisero,
963 2399 1233 2466 dactylum
1275 2413 1412 2453 certe
1456 2403 1503 2453 in
1546 2421 1637 2453 eo-

128 2487 248 2538 dem
279 2487 456 2559 quinto
486 2490 615 2558 pede
645 2508 908 2559 nunquam
940 2508 1170 2558 posuere.
1249 2489 1353 2542 Sed
1385 2490 1499 2541 haec
1525 2509 1638 2541 om-

130 2575 214 2627 nia
243 2574 445 2628 Comici
483 2576 818 2629 libentissime
851 2577 947 2629 sibi
986 2579 1038 2629 in
1077 2580 1291 2630 senariis
1328 2578 1634 2649 permisere;

127 2677 182 2716 et·
223 2666 405 2717 horum
444 2666 683 2738 pleraque
725 2667 777 2718 in
806 2666 1125 2719 'I'rocbaicis.
1206 2667 1268 2719 In
1311 2668 1410 2720 illis
1452 2689 1636 2740 nempe

130 2772 382 2806 caesuram
423 2756 726 2826 neglexere,
768 2758 1005 2827 quintum
1049 2758 1235 2829 pedem
1279 2758 1329 2809 in
1372 2760 1636 2813 trochaico

130 2845 328 2896 senario
354 2859 444 2897 aut
465 2845 731 2916 dactylum
758 2845 1041 2912 faciebant,
1068 2861 1176 2910 aut,
1208 2846 1250 2899 si
1275 2848 1538 2920 spondeus
1558 2868 1636 2900 es-

129 2947 223 2995 set,
254 2954 343 3005 pro
372 2935 584 2988 arbitrio
612 2935 1012 2988 distribuebant.
