1843 3198
226 208 327 260 xxii
408 223 929 261 SUPPLEMENTUM
965 224 1048 258 AD
1086 222 1578 258 PRAEFATIONEM-.

227 328 403 382 Orest.
434 334 560 383 5201.
588 328 691 380 ait:
728 335 761 358 ‘⁴
788 325 968 379 Tertia
994 327 1044 378 in
1071 325 1367 396 Ἀγαμέμνων
1393 320 1608 397 produci
1636 319 1728 389 (le-

227 440 291 490 ge
319 428 352 450 ‘⁶
371 415 611 488 corripi'’)
638 416 845 488 quidem
877 427 1046 485 potest
1075 413 1127 464 in
1148 412 1397 465 Canticis.
1465 409 1566 462 Sed
1591 406 1729 459 aliud

225 510 518 580 exemplum
546 508 864 559 afferendum
889 515 1016 566 erat,
1045 523 1200 574 quam
1226 522 1395 555 versus
1423 521 1486 552 ex
1514 499 1634 571 Iph.
1659 496 1727 548 A.

226 620 256 651 a
286 597 593 668 Musgravio
618 596 884 648 excitatus.
953 593 1091 646 Cum
1117 591 1436 646 Marklando
1458 590 1594 642 enirn
1617 608 1729 640 sen-

224 690 321 752 tio,
362 689 452 761 qui
482 687 848 758 interpolatum
890 685 1033 737 illurn
1074 685 1327 744 affirmat,
1356 694 1408 734 et
1446 676 1729 732 admodum

225 778 563 850 probabiliter
589 775 886 830 emendat‚’'
964 773 1161 827 Verum
1194 773 1233 825 si
1270 785 1406 825 totus
1448 772 1595 823 locus
1633 785 1731 820 sae-

225 868 326 920 culi
355 868 649 920 recentioris
678 880 771 929 est,
816 863 1071 917 medicina
1098 863 1156 915 fit
1198 875 1417 914 mortuo.
1499 858 1587 911 De
1627 877 1731 931 quo

222 957 375 1008 latius
397 977 568 1027 agam,
596 957 637 1008 si
664 955 873 1028 quando
900 953 1129 1005 fabulam
1160 951 1308 1003 istam
1348 950 1603 1002 edendam
1642 966 1732 999 cu-

227 1047 371 1098 rabo.
453 1045 573 1097 Alia
601 1046 713 1097 loca
742 1044 929 1115 partim
954 1061 981 1094 e
1013 1042 1158 1093 variis
1187 1040 1512 1102 lectionibus,
1542 1038 1729 1110 partim

225 1156 254 1189 e
282 1135 598 1206 conjectura,
628 1134 955 1186 emendanda
983 1143 1119 1182 sunt.
1199 1129 1316 1200 Ipb.
1347 1129 1415 1181 A.
1446 1135 1570 1189 817.
1600 1128 1732 1181 male

225 1225 447 1278 mutavit
470 1224 755 1278 Markland
766 1243 839 1285 us,
861 1221 984 1274 licet
1003 1217 1260 1295 Φαρσάλιον
1279 1219 1540 1289 praebeant
1566 1216 1731 1270 MSS.

224 1316 289 1369 In
320 1319 444 1369 814.
474 1314 523 1382 γ’
548 1314 847 1373 delendum,
891 1329 1053 1381 neque
1095 1309 1160 1359 de
1201 1306 1408 1358 elisione
1447 1306 1498 1358 in
1524 1304 1731 1369 Ἑλλάδι,

224 1424 517 1479 quanquam
564 1402 733 1473 paullo
789 1400 946 1453 rarior
999 1413 1094 1462 est,
1149 1399 1456 1452 timendum.
1533 1399 1732 1452 Alcest,

228 1498 388 1550 1140.
448 1490 542 1545 Kal
563 1492 651 1562 μὴν
671 1488 902 1564 προτείνω,
927 1488 1106 1564 Γοργόν’
1127 1490 1181 1547 ὦς
1204 1488 1472 1564 καρατᾶμῳ.
1532 1487 1729 1541 Verum

223 1584 374 1657 pejus
400 1582 633 1652 corrupti
663 1592 782 1632 sunt
822 1599 999 1632 versus
1042 1579 1157 1631 Ion.
1187 1577 1314 1639 296.
1346 1585 1469 1639 297.
1512 1598 1642 1650 quos
1681 1579 1731 1630 in

224 1674 447 1746 gratiam
475 1670 681 1723 lectoris
709 1669 900 1731 citab0‚
941 1669 1095 1721 simul
1136 1667 1244 1739 ejus
1276 1668 1480 1738 judicio
1520 1683 1570 1720 et
1610 1688 1734 1721 acu·
1807 1717 1809 1720 ,

227 1766 353 1817 mini
395 1762 785 1815 commendans.
877 1759 1013 1829 Τιμᾷ
1048 1776 1135 1821 σφε
1177 1757 1367 1819 mmm,
1391 1757 1647 1832 ἀστραπαί
1679 1782 1731 1811 τε

225 1852 399 1908 Πύθιαι.
480 1851 634 1920 Τιμᾷ,
664 1850 798 1921 τιμᾷ,
825 1850 882 1908 ὦς
905 1847 1082 1920 μῆποτ’
1102 1847 1267 1913 ὤφελόν
1292 1848 1338 1900 σ·’
1361 1846 1545 1901 εἰσιδεῖν.

299 1942 401 1995 Sed
433 1961 553 1993 cum
579 1942 677 1992 hoc
699 1940 1061 2010 impetrassent
1082 1937 1309 2007 Tragici,
1337 1950 1394 1989 ut
1414 1937 1605 1989 scilicet
1626 1935 1734 2000 Ἰφι-

225 2031 376 2098 γένεια
402 2042 453 2083 et
481 2029 664 2082 similia
692 2029 849 2081 verba
874 2028 1107 2098 impune,
1137 2027 1225 2078 ubi
1253 2044 1383 2096 opus
1405 2038 1554 2087 esset,
1586 2044 1736 2078 usur-

228 2130 425 2190 parent,
458 2117 632 2188 paullo
661 2115 868 2186 longius
897 2112 1153 2185 progressi
1189 2127 1330 2176 sunt,
1371 2126 1424 2165 et
1449 2114 1735 2177 interdum,

227 2208 348 2259 licet
378 2227 509 2269 raro,
530 2218 814 2276 anapaestos
837 2206 888 2256 in
913 2203 1133 2275 propriis
1155 2203 1454 2255 nominibus
1472 2203 1737 2274 reliquere,

230 2298 323 2350 ubi
355 2318 455 2350 non
483 2296 695 2348 omnino
723 2309 870 2348 erant
899 2295 1184 2347 necessarii.
1267 2294 1446 2347 Orest.
1471 2297 1598 2348 453.

453 2443 725 2514 Ἀπωλόμην
753 2443 958 2496 Μενέλαε
986 2440 1240 2518 Τυνδάρεως
1262 2441 1353 2495 ἴδε.

234 2536 396 2589 Herc.
424 2535 484 2588 F.
513 2541 640 2596 219.
685 2516 783 2592 “Oq
809 2529 870 2592 εἷς
897 2529 1111 2584 Μινύαισι
1136 2531 1254 2584 πᾶσι
1280 2529 1359 2584 διαὶ
1379 2531 1543 2604 μάχης
1569 2530 1737 2603 μολῶν.

233 2625 474 2696 Sophocl.
505 2623 730 2677 Philoct.
761 2624 887 2683 794«.

453 2771 743 2843 Ἀγάμεμνον
772 2770 805 2822 ἱῖἱ
833 2767 1036 2822 Μενέλαε
1063 2769 1157 2828 πῶς
1182 2767 1237 2821 div
1261 2768 1362 2823 οἷν-τ’
1386 2768 1508 2841 ἐμοῦ.

314 2918 377 2971 ln
398 2919 486 2988 Aj.
513 2924 670 2973 1008.
689 2920 755 2972 de
772 2917 992 2971 lectione
1014 2918 1245 2971 dubitari
1265 2927 1449 2990 potest.
1501 2914 1625 2968 Tria
1641 2915 1740 2969 alia
