1843 3198
153 248 186 300 ii
714 260 1062 296 PRAEFATIO.

156 384 283 427 ram,
313 364 492 416 sedulo
520 363 715 416 monui.
798 361 973 432 Hujus
1008 359 1078 412 rei
1119 359 1320 430 insigne
1360 356 1657 428 exemplum

157 456 376 528 reperies
403 474 551 507 versu
582 453 707 507 568.

230 545 297 597 In
335 544 547 596 vocibus
582 563 673 614 per
717 541 884 594 crasin
928 538 1238 610 conjunctis,
1283 549 1339 591 ut
1377 534 1509 598 κᾶτι,
1554 533 1659 598 κοῖν,

155 634 242 687 κοῖν
282 633 338 704 (i.
367 654 411 687 e.
441 630 610 709 xailssv,
638 630 718 685 καὶ
746 631 821 701 ὁὲν)
864 645 915 684 et
955 630 1209 684 similibus
1249 627 1553 690 scribendis,
1585 647 1662 678 ra-

155 724 351 778 tionem
391 744 422 775 a
461 722 834 774 vetustioribus
876 718 1042 772 MSS.
1086 729 1342 771 servatam
1383 716 1663 785 diligenter

154 824 364 867 secutus
391 831 522 863 sum.
603 810 721 862 Iota
746 808 945 861 scilicet
974 825 1231 877 nusquam
1272 804 1396 858 addi
1437 814 1661 875 oportet,

154 901 251 955 nisi
274 899 361 952 ubi
384 897 466 951 καὶ
490 917 607 949 cum
631 894 963 965 diphthongo
985 892 1153 946 crasin
1176 892 1358 955 efficit,
1379 904 1434 943 ut
1457 892 1506 943 in
1528 889 1664 960 κᾷτα

153 1008 251 1064 pro
279 987 362 1040 καὶ
390 985 510 1040 εἶτα.
594 983 715 1036 Hoc
736 995 852 1056 post
871 982 998 1035 alios
1021 982 1224 1036 monuit
1243 981 1530 1034 Dawesius.
1564 980 1662 1052 (A)

227 1076 340 1140 Ἀεὶ,
381 1074 635 1128 Piersono
673 1072 916 1143 jubente,
963 1070 1241 1125 Brunckio
1286 1090 1390 1123 non
1435 1069 1662 1132 nolente,

152 1186 356 1238 semper
393 1164 502 1218 sine
541 1162 874 1234 diphthongo
913 1159 1109 1231 scripsi,
1157 1158 1299 1212 idem
1337 1161 1574 1214 facturus
1611 1160 1664 1212 in

152 1255 305 1320 αέτδς,
332 1255 482 1318 κλαίω,
511 1265 563 1307 et
590 1251 704 1306 κείω.
748 1252 843 1323 (Β)

231 1346 535 1400 Brunckius
564 1344 816 1396 secundas
844 1341 1010 1394 futuri
1039 1342 1224 1414 passivi
1250 1340 1523 1395 indicativi
1555 1361 1665 1413 per-

153 1456 306 1490 sonas
333 1435 386 1488 in
416 1458 449 1486 ει
476 1453 696 1505 semper,
738 1452 841 1484 non
869 1432 921 1483 in
949 1456 994 1503 ῃ,
1038 1431 1367 1492 terminavit3
1410 1431 1679 1485 secundas

156 1529 315 1582 etiam
357 1525 628 1599 praesentis
675 1544 773 1595 ego
820 1523 887 1575 ad
927 1524 1147 1575 eandem
1197 1525 1419 1576 :formam
1463 1522 1665 1575 reduxi.

155 1617 421 1687 Analogia
451 1634 634 1685 nempe
664 1611 907 1684 postulat,
950 1624 1006 1663 ut
1047 1611 1239 1665 vocalis
1275 1611 1587 1683 corripiatur
1615 1610 1666 1663 in

155 1707 461 1769 indicativo,
514 1705 841 1777 producatur
893 1703 948 1754 in
1007 1703 1363 1775 subjunctivo,
1411 1700 1669 1771 τύπτομαι,

158 1797 340 1861 τύπτει,
368 1796 616 1860 τύπτεται,
647 1794 919 1865 τύπτωμαι,
946 1793 1121 1864 τύπτῃ,
1150 1783 1404 1855 τύπτῃ-ται.
1474 1789 1667 1863 Neque

157 1906 328 1942 causae
357 1886 645 1957 quicquam
674 1896 771 1946 est,
799 1902 956 1956 quare
986 1881 1230 1934 codicum
1260 1878 1539 1932 auctoritas
1567 1880 1667 1932 ob-

145 1979 392 2053 jiciatur3
436 1977 489 2029 in
531 1976 610 2028 his
651 1976 790 2028 enim
820 1974 974 2026 rebus
1004 1971 1147 2025 nulla
1174 1984 1252 2023 est
1279 1970 1517 2023 codicum
1546 1990 1668 2023 auc-

153 2068 352 2122 toritas.
432 2064 568 2119 Satis
596 2074 894 2117 constanter
921 2085 953 2114 ει
981 2081 1073 2132 pro
1109 2085 1135 2131 ῃ
1175 2062 1422 2131 praebent
1458 2059 1668 2113 Aristo-

153 2154 338 2227 phanis
360 2153 629 2205 editiones,
698 2150 874 2202 Pauca
898 2161 1072 2201 tamen
1096 2149 1212 2202 loca
1235 2162 1373 2212 sunt,
1399 2150 1488 2202 ubi
1505 2150 1667 2203 altera

156 2243 455 2299 terminatio
477 2242 528 2293 in
555 2241 727 2312 aliquo
750 2239 877 2294 MS.
905 2259 1008 2291 non
1037 2250 1224 2291 exstet.
1306 2237 1507 2292 Contra
1527 2241 1666 2311 apud
1701 2301 1710 2314 κ

156 2334 408 2406 Tragicos
450 2349 553 2382 non
601 2351 712 2382 raro
752 2329 1141 2400 diphthongum
1181 2352 1215 2381 ει
1257 2348 1348 2399 pro
1387 2354 1413 2401 ῃ
1441 2329 1666 2382 offerunt

159 2421 327 2476 MSS.
409 2420 572 2483 Quod
597 2420 635 2473 si
659 2421 711 2473 in
734 2421 831 2473 hac
855 2439 906 2472 re
927 2433 979 2472 et
996 2419 1262 2472 similibus
1278 2419 1555 2491 aliquoties
1577 2433 1668 2474 aut

156 2532 274 2564 meo
292 2524 383 2563 aut
402 2511 800 2582 typothetarum
820 2530 991 2563 errore
1010 2522 1228 2581 peccatu
1239 2530 1287 2564 m
1312 2524 1405 2575 est,
1429 2511 1667 2582 ignoscet

157 2619 344 2673 aequus
367 2600 547 2663 lector,
568 2620 747 2653 secum
765 2614 1030 2671 reputans,
1048 2620 1204 2672 quam
1230 2601 1376 2653 facile
1400 2614 1452 2653 et
1475 2599 1666 2652 mentis

156 2701 212 2741 et
237 2689 504 2741 oculorum
534 2689 673 2742 acies
702 2689 1000 2759 hujusmodi
1039 2690 1267 2742 minutiis
1305 2689 1666 2743 examinandis

155 2777 453 2830 hebetetur.
537 2776 711 2848 Hujus
758 2778 951 2849 regulae
996 2778 1254 2851 meipsum
1296 2779 1516 2832 oblitum
1557 2798 1666 2830 esse

156 2868 308 2921 video
348 2887 394 2920 v.
432 2873 563 2930 251,
605 2868 700 2922 ubi
739 2868 920 2921 κακύνει
948 2870 1078 2921 adeo
1112 2869 1467 2940 reponendum
1496 2868 1546 2920 in
1574 2868 1666 2919 ad-

156 2957 342 3013 dendis
369 2958 565 3022 monui,
594 2972 646 3012 et
676 2978 812 3012 nunc
844 2958 1061 3031 reposui.
1143 2958 1235 3028 (C)

972 3055 1003 3099 8
