1843 3198
151 187 217 239 xii
730 204 1075 244 PRAEFATm.

153 306 354 378 petivit,
383 307 625 367 sustulit3
666 309 754 361 sed
786 309 907 381 ipse,
940 321 996 363 ut
1022 310 1178 364 fidem
1208 310 1538 384 etjudicium
1566 310 1657 363 ho-

156 398 308 452 minis
335 419 604 468 agnoscas,
644 400 882 454 codicum
913 402 1333 473 descriptionem,
1374 421 1531 473 quam
1570 402 1661 454 de-

158 489 308 540 derat
332 485 580 557 Kingius,
599 489 801 547 omisit;
830 500 882 540 et
913 510 958 540 v.
991 496 1119 549 578.
1146 511 1236 562 pro
1266 489 1412 543 τοιοίδ’
1434 489 1558 562 οἷμφὶ
1584 494 1666 552 σῆς

159 574 309 642 λέγον,
340 577 605 640 audacter,
629 579 718 630 Sed
744 579 917 643 tacite,
946 579 1111 632 edidit
1134 590 1251 639 τοῖος
1270 579 1392 652 οἷμφῖ
1414 582 1493 643 σῆς
1509 579 1663 647 λόγος.

164 664 301 719 Cum
333 679 513 719 notam
539 669 603 720 ad
639 668 778 721 hunc
821 669 992 722 locum
1031 669 1341 733 scribebam,
1383 669 1666 722 editionem

164 769 367 809 tantum
401 756 771 811 Morellianam
802 771 995 829 praesto
1035 758 1314 811 habebam.
1396 756 1668 810 Immerito

164 843 329 914 igitur
370 842 630 914 Kingium
673 844 894 916 culpavi,
935 845 1057 898 satis
1096 845 1291 917 alioqui
1337 847 1666 918 culpabilem.

169 931 365 985 Lector
394 932 672 985 benevolus
692 953 920 986 errorem
946 954 1119 988 meum
1145 935 1466 988 condonabit
1487 946 1541 988 et
1561 954 1672 987 cor-

171 1021 321 1092 riget.
405 1019 541 1074 Cum
588 1041 709 1074 vero
749 1033 826 1074 tot
869 1021 1035 1075 MSS.
1076 1023 1376 1076 adhibuerit
1425 1023 1676 1096 Kingius‚

172 1111 453 1164 editionem
496 1112 624 1183 ejuS,
664 1111 787 1164 licet
828 1126 1002 1175 caute,
1043 1113 1314 1165 consulere
1342 1113 1588 1184 oportuit,
1622 1125 1678 1163 ut

173 1221 351 1254 eorum
382 1202 632 1254 lectiones
659 1202 980 1273 indagarem.
1059 1202 1120 1254 In
1150 1223 1251 1276 quo
1281 1223 1435 1273 opere
1468 1203 1678 1274 adjutus

174 1311 289 1344 sum
309 1293 516 1346 duobus
533 1293 799 1346 codicibus
817 1295 1363 1367 conferendiS,quibus
1380 1294 1486 1365 ipse
1505 1292 1679 1363 King-

176 1381 255 1433 ius
285 1401 402 1433 usus
436 1393 564 1434 erat.
645 1380 938 1455 Utriusque
968 1384 1167 1454 copiam
1200 1382 1380 1454 Regiae
1409 1382 1684 1435 Societatis

178 1470 502 1523 humanitate
534 1484 716 1524 nactus
754 1492 885 1524 sum.
967 1473 1175 1525 Horum
1205 1472 1424 1526 alterum
1454 1472 1683 1545 Kingius

182 1560 442 1632 optimum
486 1559 622 1632 Reg.
672 1561 792 1614 Soc.
840 1562 1075 1615 codicem
1124 1575 1298 1616 vocat.
1379 1560 1577 1616 Verum
1624 1562 1685 1626 is,

182 1663 477 1723 quanquam
523 1672 627 1704 non
670 1652 882 1705 omnino
922 1653 1135 1716 inutilis,
1179 1653 1332 1725 longe
1376 1655 1444 1706 ab
1484 1653 1688 1726 optimo
1758 1705 1761 1709 .

185 1741 361 1805 distat,
380 1754 431 1794 et
453 1741 605 1794 valde
630 1762 805 1795 recens
823 1754 917 1806 est,
948 1756 1126 1813 utpote
1147 1763 1284 1796 anno
1303 1744 1512 1795 demum
1543 1747 1691 1803 1490

187 1844 446 1883 exaratus.
524 1830 655 1885 Tres
705 1835 896 1904 priores
949 1833 1179 1886 continet
1232 1833 1448 1886 fabulas.
1539 1835 1692 1888 Alter

189 1939 403 1993 quoque
432 1922 649 1974 totidem
677 1923 868 1983 habet;
909 1924 996 1976 sed
1030 1924 1179 1976 initio
1206 1934 1258 1976 et
1287 1925 1386 1976 fine
1417 1943 1554 1977 nunc
1581 1943 1695 1976 mu-

192 2011 312 2064 tilus
333 2029 429 2074 est,
456 2023 508 2065 et
532 2025 739 2065 centum
764 2014 878 2084 plus
903 2015 1069 2067 minus
1089 2016 1235 2067 annis
1259 2015 1414 2087 priori
1437 2012 1698 2086 antiquior

194 2102 414 2156 videtur.
497 2101 746 2157 Criticam
788 2105 1008 2158 subinde
1035 2126 1276 2160 exercere
1305 2107 1468 2159 voluit
1495 2105 1697 2167 scriba3

195 2190 359 2243 varias
389 2190 526 2243 enim
555 2191 802 2244 lectiones
835 2213 973 2246 nunc
1002 2193 1052 2246 in
1095 2196 1345 2266 margine,
1388 2215 1527 2247 nunc
1565 2194 1702 2246 inter

196 2300 370 2333 versus
397 2283 631 2353 aspersit,
661 2302 810 2353 quas,
854 2286 1056 2357 quoties
1096 2286 1278 2357 dignas
1309 2285 1543 2357 judicavi
1582 2303 1701 2357 quae

199 2386 747 2436 commemorarentur,
763 2394 880 2425 cum
901 2374 1091 2426 lectore
1105 2374 1499 2427 communicavi.
1555 2372 1703 2427 Usus

199 2482 312 2513 sum
340 2474 594 2532 praeterea
616 2460 744 2515 MS.
772 2462 1057 2516 Harleiano
1079 2468 1245 2528 5725,
1274 2476 1328 2516 et
1354 2465 1465 2537 ipso
1490 2464 1704 2517 recenti.

204 2550 366 2603 Hunc
395 2551 445 2602 in
476 2550 637 2603 Notis
667 2550 723 2603 H
754 2572 898 2617 voco,
923 2552 1108 2625 Kingii
1135 2555 1380 2625 optimum
1405 2554 1600 2608 scilicet
1628 2551 1706 2616 K,

203 2639 423 2691 alterum
466 2638 533 2693 R.
614 2639 813 2694 Verum
841 2663 1021 2696 omnes
1052 2644 1155 2696 fere
1180 2643 1401 2698 Codices
1429 2663 1610 2716 parum
1639 2643 1708 2695 ab

206 2727 515 2800 antiquitate
537 2733 978 2785 commendabiles
1009 2745 1147 2797 sunt,
1176 2748 1246 2798 et,
1273 2755 1373 2807 quo
1391 2732 1710 2806 frequentius

209 2817 592 2883 describuntur,
621 2839 681 2871 eo
709 2819 913 2890 gravius
941 2820 1340 2892 interpolantur.

284 2908 677 2983 Interpretandi
696 2926 747 2966 et
765 2911 1054 2966 illustrandi
1073 2913 1271 2979 labore,
1285 2909 1555 2965 utilissimo
1571 2928 1710 2972 sane,
