1891 3230
410 570 953 636 ΕΥΡΙΠΙΔΟΥ
1014 575 1376 634 ΕΚΑΒΙ-Ι.

524 1031 933 1076 ΠΟΛὙΔΩΡΟΎ,
947 1031 1006 1073 ΕΙ
1015 1030 1256 1074 ΔΩΛΟΝ.

124 1165 315 1227 ”ΗΚΩ,
344 1164 494 1239 venerint
520 1163 751 1235 κευθμῶνα
777 1161 858 1215 καὶ
886 1164 1054 1217 σκότου
1082 1163 1236 1223 πύλας

135 1238 293 1304 >an-ch,
320 1237 536 1302 ἵν”Ἀιὸης
561 1237 701 1315 χωρὶς
727 1236 923 1306 ᾤκισται
951 1238 1068 1301 θεῶν,

188 1425 223 1458 1.
250 1417 403 1456 Locum
429 1416 535 1454 hunc
562 1413 718 1453 liberius
745 1415 861 1454 vertit

132 1472 255 1511 Poeta
266 1471 368 1523 apud
380 1470 610 1509 Ciceronem
619 1468 780 1506 Tusc.1.
798 1472 859 1508 16.

132 1527 271 1564 Adsum
312 1531 421 1576 atque
460 1524 614 1562 advenio
652 1522 861 1560 Acheronte

130 1580 190 1617 vii·
222 1580 282 1617 via
312 1578 390 1616 alta
418 1584 526 1629 atque
557 1578 692 1614 ardna.
754 1577 860 1614 Inter

128 1633 215 1671 loca
251 1632 497 1682 tragicorum,
532 1643 617 1681 quae
654 1629 859 1667 AEschines

128 1685 421 1738 pronunciando
434 1684 662 1735 corruperit,
677 1684 782 1720 hunc
799 1696 858 1720 re-

129 1746 262 1778 censet
290 1739 576 1777 Demosthenes
607 1738 656 1775 de
689 1737 858 1783 Corona,

126 1807 167 1846 p.
197 1796 290 1834 571.
324 1792 386 1830 ed.
420 1791 531 1843 Tayl.
572 1792 720 1842 Aperte
757 1790 859 1828 ridet

126 1846 404 1898 Aristophanes
462 1845 564 1897 apud
621 1844 854 1882 Athenaeum

127 1901 222 1939 XII.
240 1914 280 1952 p.
298 1905 389 1939 551.
412 1899 458 1938 B.
477 1901 550 1937 Καὶ
569 1899 620 1940 τίς
639 1902 743 1948 νεκρῶν
762 1898 856 1935 κευθ-

123 1959 217 2002 μῶνα
242 1955 299 1991 καὶ
322 1955 444 1991 σκότου
468 1953 579 1994 πύλας
600 1950 708 1993 '‘Ea-7.»
731 1961 856 1989 κατελ-

127 2008 209 2052 θεῖν;
223 2007 363 2046 tectius
371 2019 462 2046 vero
473 2005 616 2044 ibidem
630 2005 705 2043 III.
718 2019 755 2057 p.
768 2007 855 2043 11⁴2.

125 2061 169 2099 F.
186 2061 283 2100 ‘'ano
303 2063 476 2111 Θεαρίωνος
505 2058 704 2111 ἀρτοπώλιον
727 2058 853 2105 Λιπῶν,

124 2114 162 2151 ἵν’
183 2114 254 2152 ἐστὶ
283 2112 434 2167 κριςάνων
461 2113 592 2151 ἑδώλια.
643 2113 727 2160 (Sic
746 2119 854 2150 recte

126 2169 298 2220 Toupius
315 2168 480 2206 Emend.
503 2167 552 2205 ad
568 2167 674 2205 Suid.
695 2169 739 2205 P.
756 2166 789 2202 I.
812 2179 850 2216 p.

129 2225 189 2260 15.
207 2223 298 2260 Aldi
313 2222 414 2260 enim
431 2221 548 2259 editio
566 2222 722 2271 Θεαρίων,
742 2219 774 2262 ’ὃς
795 2222 850 2266 ἆ.)

125 2275 265 2313 Totum
281 2275 472 2313 distichon
493 2276 530 2311 in
550 2287 639 2312 usus
654 2287 742 2311 suos
763 2286 854 2311 con-

124 2329 239 2366 vertit
257 2329 466 2379 Menippus
487 2328 523 2365 in
544 2322 708 2366 Lucinni
725 2327 853 2378 Necy-

126 2382 307 2427 omantia,
323 2382 472 2432 fingens
490 2395 531 2420 se
552 2382 598 2419 ab
620 2380 749 2418 inferis
769 2381 854 2418 red-

124 2435 224 2473 iisse.
283 2435 424 2473 Christi
446 2435 630 2473 Patientis
660 2435 851 2481 conditor,

123 2489 239 2538 vulgo
263 2487 388 2525 dictus
407 2488 618 2539 Gregorius
638 2487 853 2526 Nazianze-

123 2556 209 2588 nus,
239 2541 303 2593 qui
325 2542 424 2578 hanc
444 2542 610 2579 fabulam
630 2555 716 2579 raro
745 2545 852 2588 citat,

121 2596 226 2634 hunc
245 2608 396 2632 versum
422 2595 539 2632 habet
561 2595 696 2633 leviter
723 2603 848 2633 muta-

121 2656 204 2686 tum
221 2652 335 2688 1506.
349 2656 392 2686 ut
403 2655 442 2686 et
454 2648 558 2686 hunc
573 2662 660 2687 cum
673 2650 849 2700 sequenti

122 2705 240 2741 2021.
256 2704 373 2741 2022.

175 2758 211 2794 2.
242 2755 358 2798 Quod
377 2768 439 2793 me
457 2754 648 2794 facturum
667 2757 717 2795 ad
736 2756 848 2796 Med.

914 1419 953 1456 6.
974 1424 1124 1456 tanturn
1147 1431 1226 1456 non
1250 1419 1513 1469 promiseram,
1541 1433 1647 1459 nunc

914 1471 1004 1517 feci,
1026 1479 1068 1509 ut
1087 1471 1236 1510 scilicet
1254 1473 1332 1511 iota
1347 1474 1386 1511 in
1402 1482 1510 1512 textu
1525 1475 1646 1525 scrip-

914 1525 1006 1563 toris
1019 1525 1217 1564 reddendo
1229 1539 1380 1577 semper
1393 1528 1647 1566 adscribam*.

917 1579 964 1615 In
982 1579 1094 1616 Notis
1109 1586 1254 1617 tantam
1269 1580 1507 1631 diligentiam
1520 1594 1646 1632 neque

913 1632 994 1682 ipse
1009 1633 1213 1683 praestabo,
1227 1646 1352 1684 neque
1365 1635 1412 1672 ab
1427 1635 1552 1686 operis
1565 1635 1646 1672 exi-

913 1698 1014 1737 gam.
1081 1686 1138 1725 Ut
1174 1695 1301 1724 autem
1340 1689 1483 1739 aliquid
1520 1689 1646 1726 saltim

912 1739 1085 1777 utilitatis
1105 1752 1155 1777 ex
1174 1740 1249 1778 hac
1267 1742 1535 1780 observatione
1552 1755 1645 1780 con-

911 1800 1094 1844 sequatur
1109 1793 1266 1839 Lector,
1288 1795 1507 1847 exemplum
1524 1809 1645 1834 unum

910 1859 1116 1898 apponam.
1176 1847 1313 1886 Sciunt
1341 1849 1407 1900 qui
1426 1849 1539 1887 variis
1565 1850 1645 1888 Iec-

911 1900 1079 1938 tionibus
1099 1901 1365 1952 expendendis
1390 1915 1550 1954 operam
1576 1904 1644 1942 ali-

911 1954 1065 2005 quando
1099 1954 1255 2002 dedere,
1284 1956 1435 2007 quoties
1469 1964 1501 1994 N
1538 1965 1578 1996 et
1610 1965 1643 1994 H

910 2015 1211 2047 commutentur.
1269 2009 1545 2049 Archestratus
1586 2013 1645 2049 A·

909 2061 1051 2099 thenaei
1064 2062 1156 2099 VII.
1176 2076 1214 2113 p.
1229 2065 1320 2102 305.
1334 2071 1373 2100 E.
1389 2065 1450 2101 κᾶν
1466 2067 1643 2117 ἲσόχρυσος

910 2116 967 2161 ἒίηι,
998 2115 1120 2153 citans
1155 2115 1381 2155 Eustathius
1412 2118 1460 2155 ad
1489 2119 1564 2159 od.
1596 2121 1642 2158 T.

909 2183 949 2220 p.
973 2172 1088 2215 1872,
1112 2170 1304 2216 17--706,
1324 2173 1361 2216 8,
1380 2171 1475 2223 legit
1497 2172 1550 2213 ἔνι.
1596 2176 1641 2212 In

909 2222 1046 2261 eodem
1063 2223 1256 2261 Athenaeo
1277 2224 1392 2262 XIII.
1411 2240 1449 2276 p.
1468 2230 1558 2265 599.
1589 2228 1640 2266 D.

909 2286 1074 2327 πορφυρειι
1100 2284 1207 2314 recte
1229 2277 1311 2314 Viri
1331 2278 1435 2317 docti
1456 2279 1492 2316 in
1514 2291 1641 2329 πορφυ-

908 2332 970 2380 ρέηι
986 2338 1197 2369 mutarunt.
1227 2331 1401 2370 Pratinas
1415 2333 1514 2383 apud
1534 2334 1639 2372 Eun-

909 2383 996 2421 dem
1017 2383 1127 2421 XIV.
1148 2398 1186 2434 p.
1206 2387 1296 2422 622.
1317 2386 1362 2424 C.
1388 2390 1449 2432 (ut
1474 2388 1638 2437 conjicio

909 2449 958 2474 ex
973 2451 1008 2488 p.
1021 2437 1183 2486 624·F.)
1200 2438 1255 2475 Σοῖ
1271 2439 1387 2489 Βάκχε
1401 2441 1495 2477 τάνδε
1509 2445 1640 2489 μοῦσαν

909 2491 1130 2540 ἇγλαῗζομεν,
1174 2490 1320 2529 ιΑ·7ι·“λοῖ.ἷν
1355 2494 1471 2544 ῥυθμόν
1505 2496 1639 2543 χέοντες

908 2546 1009 2596 αἷὸλῳ
1044 2548 1152 2594 μέλει,
1200 2546 1259 2582 καὶ
1297 2546 1364 2594 μὰν
1401 2549 1639 2597 ἀπαρθένευτον

905 2598 977 2635 οὲτι
1004 2603 1081 2641 ταῖς
1107 2599 1208 2648 ’,τέρος
1233 2598 1422 2650 κεχρῆμεθα
1447 2601 1639 2640 waddone-iv

906 2651 985 2688 ἀλλ’
1005 2651 1170 2702 ἇκῆρατον
1195 2654 1423 2703 Κατάρχομεν
1451 2655 1504 2692 τὸν
1534 2657 1638 2704 ὕμνοι.

906 2706 1003 2743 Cum
1020 2705 1112 2744 MS.
1133 2706 1185 2743 A.
1202 2705 1268 2743 det
1279 2707 1638 2757 κεχξημεηανωὲαισιν,

904 2758 1006 2809 lege,
1036 2758 1164 2796 Κειηὲν
1188 2761 1429 2811 ,ἀπαρθένευτον
1459 2762 1531 2800 οὔτι
1561 2769 1638 2806 ταῖς

199 2862 236 2905 [*
254 2863 337 2894 Cum
354 2863 422 2894 aliis
438 2864 625 2894 Graecorum
642 2863 794 2898 librorum
810 2865 984 2897 editoribus
1001 2867 1087 2898 idem
1103 2867 1212 2897 facere
1228 2866 1334 2898 minus
1346 2867 1450 2898 visum
1466 2870 1526 2906 est,
1543 2877 1600 2899 nos

152 2915 292 2948 quoque,
307 2916 347 2938 ne
359 2907 540 2947 legentium
555 2908 665 2939 oeulos
679 2907 891 2944 offendamus,
911 2910 976 2942 iota
990 2910 1203 2951 subscriptum
1219 2911 1469 2949 revocavimus]

1182 2952 1259 2990 ΒΟ

1236 2979 1259 2991 —1
