1843 3198
129 233 175 283 vi
720 244 1067 280 PRAEFATIO.

131 362 340 402 tantum
374 369 476 402 non
503 368 678 401 omnes
707 347 915 399 Atticas
940 347 1133 398 formas
1155 345 1208 398 in
1234 344 1446 399 Ionicas
1469 356 1634 398 muta—

131 453 267 503 runt,
286 451 574 492 ceterorum
597 451 878 491 metrorum
900 436 1083 488 securi.
1135 435 1222 489 Ne
1242 436 1398 507 longe
1417 435 1634 488 abeam.

130 530 403 600 Frequens
430 542 506 581 est
536 548 707 580 versus
735 525 948 578 iambici
976 525 1226 589 clausula,
1256 523 1290 578 εἶ
1316 525 1446 597 μέλε.
1531 524 1634 578 Ve-

129 641 241 673 rum
270 620 321 671 in
352 620 445 670 hac
468 618 714 680 clausula,
745 616 836 668 ubi
865 616 1195 669 librariorum
1224 617 1492 670 licentiam
1525 637 1633 670 me-

129 721 266 760 trum
296 693 620 777 compescere
649 705 906 766 debebat,
939 703 1104 758 MSS.
1134 724 1239 758 non
1270 724 1388 759 raro
1415 706 1567 768 dant,
1595 705 1631 757 ὦ

126 796 279 868 με’λεε,
302 812 390 849 aut
414 795 711 867 corruptius
733 793 913 855 etiarn,
940 793 976 845 55
994 793 1175 863 μέλαιε.
1245 793 1412 847 Porro
1437 794 1631 847 Attieae

126 886 315 958 linguae
368 885 614 956 analogia
668 885 801 936 hanc
852 882 1162 954 scripturam
1216 883 1445 955 flagitat.
1546 884 1634 938 Ut

125 977 265 1029 enim
295 996 328 1030 a
354 975 443 1035 δέος
467 975 727 1027 formatur
755 971 902 1036 δεινὸς,
928 984 985 1024 ut
1010 993 1040 1024 a
1067 970 1196 1031 κλέος
1221 973 1407 1037 κλεινός,
1451 974 1523 1027 Sic
1562 974 1632 1027 ab

124 1066 243 1127 ἔλεος
268 1068 527 1120 formatur
553 1063 722 1123 ἔλεινός.
805 1061 890 1116 Ut
919 1082 1188 1133 nunquam
1217 1061 1385 1126 δεεινός,
1416 1065 1625 1128 κλεεινδς,

127 1169 375 1228 usurpant
394 1155 581 1219 Attici,
600 1155 671 1207 sic
695 1172 966 1225 nunquam
991 1151 1169 1213 ἐλεεινός
1191 1159 1498 1226 usurpant*.
1564 1156 1630 1209 In

126 1246 538 1317 Agamemnone
583 1243 735 1296 simili
775 1262 947 1296 errore
991 1256 1252 1315 peccatur.
1337 1243 1631 1317 Orthogra-

125 1336 288 1408 phicae
319 1335 548 1389 rationes
574 1342 738 1386 metro
761 1333 962 1386 labanti
986 1346 1316 1387 succurrunt.
1397 1333 1463 1388 In
1488 1354 1631 1387 com-

124 1426 306 1498 positis
333 1447 363 1478 a
389 1424 517 1499 κέρας
543 1442 818 1494 nunquam
847 1448 879 1475 ω
906 1422 1217 1485 admittitur,
1255 1424 1344 1476 sed
1381 1435 1472 1475 aut
1500 1423 1632 1498 κέρας
1684 1434 1691 1437 ”

124 1526 357 1568 servatur
396 1515 677 1586 integrum,
719 1514 858 1584 quod
899 1515 955 1565 fit
995 1525 1116 1565 ante
1156 1513 1370 1566 labiales
1408 1514 1446 1574 β
1477 1526 1530 1566 et
1562 1531 1627 1577 φ;

124 1617 214 1659 aut
241 1625 380 1658 nunc
409 1604 590 1657 ultima
619 1602 816 1674 syllaba
843 1601 1090 1673 abjicitur
1123 1623 1153 1655 a
1194 1604 1353 1656 veteri
1394 1601 1629 1673 genitivo

123 1696 264 1773 κέρεος
291 1694 604 1766 (κερεαλκὴς),
635 1713 772 1745 nunc
799 1693 984 1745 ultima
1012 1692 1159 1745 litera
1185 1712 1215 1745 a
1256 1692 1417 1747 veteri
1463 1692 1630 1745 nomi-

123 1786 303 1839 nativo
333 1783 467 1860 κὲρος.
551 1782 757 1834 Dicunt
795 1781 954 1853 igitur
993 1780 1164 1833 Attici
1204 1780 1466 1855 κεροζοὲτης,
1506 1783 1627 1858 κερό-

124 1874 262 1938 δετος,
315 1872 564 1946 κερουλκός,
617 1869 858 1947 κεροφόρος,
911 1886 966 1923 et
1019 1883 1299 1943 propterea
1352 1883 1624 1949 κεροτυπεΐν.

125 1966 351 2019 Rarior-a
391 1975 527 2024 sunt,
577 1962 752 2033 probae
797 1971 973 2013 tamen
1021 1972 1182 2024 notae,
1225 1961 1501 2036 κεροέσζολος
1541 1967 1626 2036 (ex

125 2055 348 2108 Platone
396 2051 515 2103 satis
563 2050 769 2119 notum)
817 2062 868 2102 et
916 2050 1200 2125 κερασφόρος,
1254 2053 1393 2123 quod
1449 2068 1627 2108 exstat

125 2143 364 2213 Euripid.
397 2141 660 2194 Phoeniss.
690 2144 813 2193 255.
856 2153 907 2192 et
934 2140 985 2191 in
1016 2140 1318 2211 fragmento
1350 2140 1625 2212 Sophoclis

122 2230 260 2301 apud
302 2228 498 2280 AElian.
538 2228 615 2282 N.
644 2229 713 2281 A.
757 2226 892 2279 VII.
929 2234 1018 2288 39.
1065 2227 1250 2301 ’Άρασ-οι
1297 2229 1535 2306 μυκτῆροὶς
1576 2257 1625 2286 τε

123 2318 204 2371 καὶ
231 2314 523 2390 κερασφόρους
563 2316 857 2385 Στόρθυγγας
895 2314 1007 2389 εῗρφ’
1040 2313 1211 2379 ἕκηλος.
1292 2318 1515 2372 Versum
1561 2343 1624 2376 ex

127 2405 398 2476 Euripidis
427 2406 618 2458 Oreste
647 2406 770 2459 5368.
815 2404 908 2464 Δός
938 2403 1058 2471 τόξα
1092 2431 1168 2477 μοι
1209 2413 1450 2482 κερουλκά,
1495 2414 1625 2468 citat

124 2495 313 2548 Suidas
350 2516 396 2546 v.
439 2495 703 2570 κεροζοὶτης,
753 2494 839 2546 ubi
885 2495 1017 2547 male
1070 2497 1289 2567 priscam
1343 2500 1620 2557 lectionem

123 2585 232 2660 παρ’
257 2582 469 2658 Εὐριπίδῃ
498 2582 777 2647 Kusterus‚
820 2584 939 2636 licet
966 2605 1031 2637 ex
1073 2585 1261 2650 MSS„
1301 2587 1355 2640 in
1398 2592 1623 2666 παροιμία

124 2672 361 2725 mutavit.
441 2672 691 2725 Similiter
734 2674 786 2726 in
837 2675 1134 2745 compositis
1181 2697 1211 2727 a
1262 2676 1393 2752 κρέας
1437 2700 1490 2732 se
1537 2703 1621 2736 res

178 2850 199 2870 ἦ
231 2849 379 2887 Eadem
405 2858 462 2888 est
496 2851 593 2889 ratio
625 2851 904 2902 adject1vm·um
934 2853 1076 2896 πετεινός
1104 2862 1143 2892 et
1180 2857 1349 2898 πετεεινός.
1406 2856 1496 2893 Hoc
1527 2856 1621 2904 poe-

122 2914 241 2952 ticum
261 2922 331 2961 est,
351 2914 444 2951 illud
462 2915 649 2953 Atticum.
705 2916 752 2953 In
772 2916 1048 2955 Demosthenis
1076 2927 1211 2958 contra
1231 2920 1469 2971 Stephanum
1497 2921 1621 2970 prima

122 2991 241 3028 prope
260 2978 376 3017 finem
397 2981 578 3030 ἓλειιᾶτεξον
598 2980 715 3019 habet-
733 2980 851 3020 editio
871 2980 1067 3023 Felieiani.
