1891 3230
228 251 752 290 SUPPLEMENTUM
788 253 873 288 AD
907 250 1398 288 PRAEFATIONEM.
1486 236 1607 288 xxxi

101 358 457 413 observabant
476 356 706 428 Tragici,
736 368 810 419 ut,
838 356 879 408 si
905 375 1049 418 voce,
1079 372 1197 427 quae
1221 353 1491 409 Creticum
1521 377 1610 428 pe-

103 450 224 501 dem
267 448 519 510 efficeret,
558 446 924 499 terminaretur
955 465 1143 508 versus,
1185 465 1400 518 eamque
1430 465 1611 498 vocem

105 537 670 610 hypermonosyllabon
694 537 1030 607 praecederet,
1055 535 1264 607 quintus
1297 556 1384 606 pes
1407 536 1612 588 iambus

53 636 56 639 ’
105 628 184 679 vel
213 628 508 699 tribrachys
536 646 644 678 esse
674 626 905 677 deberet.
981 625 1110 677 Non
1139 637 1420 696 potuerunt
1448 626 1611 697 igitur

105 717 261 769 talem
291 735 497 769 versum
524 714 735 787 Tragici
761 715 1007 775 seribere,
1035 714 1200 786 qualis
1226 728 1304 766 est
1333 713 1612 787 Κρύπτοντοι

105 815 243 881 χεῖρα
270 803 351 857 καὶ
385 801 624 876 πρόσωπον
659 803 941 875 τοῦμπαλιν,
982 816 1073 856 aut
1091 803 1278 863 ’Ἄτλας
1311 810 1333 855 ὁ
1364 803 1613 870 χαλκέοισι

108 896 259 955 νώτοις
285 890 475 969 οὖρανδν,
496 905 587 945 aut
611 890 683 946 Τό
699 890 767 963 μῆ
785 893 982 964 μάταιον
1003 891 1044 945 δ’
1060 893 1110 946 ἐκ
1128 891 1351 964 μετώπων
1372 891 1613 967 σωφξόνων·

109 996 246 1037 certe
275 985 508 1048 noluere,
533 982 576 1036 si
605 983 761 1035 modo
790 981 869 1033 vel
897 982 1098 1035 diversa
1135 981 1509 1053 orthographia
1535 983 1616 1033 vel

108 1074 210 1126 alia
250 1074 525 1126 verborum
575 1071 805 1143 positura
847 1070 1005 1123 vitare
1051 1083 1261 1142 possent
1299 1069 1368 1123 In
1413 1089 1615 1123 scenam

107 1164 270 1217 missos
295 1183 407 1217 cum
434 1181 619 1233 magno
640 1164 864 1232 pondere
891 1180 1078 1215 versas:

185 1253 293 1306 Res
315 1253 500 1305 eadem
524 1264 618 1315 est,
647 1252 688 1303 si
719 1251 958 1305 Creticus
987 1252 1037 1305 in
1067 1251 1354 1304 trochaeum
1382 1259 1436 1304 et
1465 1250 1617 1318 sylla-

111 1343 231 1395 bam
259 1341 583 1401 dissolvitur3
622 1340 702 1393 vel
729 1344 771 1393 si
800 1339 1011 1394 Cretico
1041 1341 1094 1393 in
1122 1342 1379 1413 syllabam
1408 1340 1618 1410 longam

109 1446 164 1486 et
201 1433 433 1485 iambum
477 1431 745 1494 dissoluto,
787 1431 990 1500 syllaba
1017 1431 1174 1502 longa
1201 1443 1278 1482 est
1306 1443 1396 1482 aut
1426 1430 1618 1482 articu-

110 1522 187 1573 lus
216 1533 306 1573 aut
336 1521 646 1593 praepositio,
673 1532 763 1573 aut
791 1520 985 1593 quaevis
1014 1520 1237 1592 denique
1260 1539 1378 1583 vox,
1408 1540 1525 1593 quae
1551 1519 1617 1572 ad

113 1611 383 1682 sequentia
408 1610 579 1682 potius
609 1628 771 1681 quam
803 1609 1157 1682 praecedentia
1185 1610 1457 1680 pertineat.

116 1790 214 1843 Or.
244 1795 404 1850 1079.
452 1788 593 1852 Κῆδος
618 1789 662 1844 δὲ
690 1789 852 1861 τοῦμδν
872 1787 953 1842 καὶ
976 1789 1055 1842 cciv
1080 1787 1227 1843 otize'r'
1259 1787 1266 1861 Ι
1302 1789 1401 1844 ἐστὶ
1437 1790 1446 1865 Ι
1480 1789 1547 1854 δή.

243 1884 403 1932 1081.
445 1880 596 1956 Χαῖρ”
627 1879 677 1934 ου’
695 1881 786 1956 7024>
810 1887 914 1951 ἡμῖν
933 1877 1037 1934 ἐστὶ
1065 1883 1216 1934 τοῦτο·
1251 1880 1262 1954 Ι
1293 1881 1376 1935 σοι’
1388 1905 1443 1948 ’γε
1477 1880 1486 1955 Ι
1518 1881 1621 1953 μῆν.

118 1969 253 2023 Hec.
281 1975 410 2023 382.
451 1970 620 2030 Καλῶς
642 1969 723 2041 μὲν
747 1969 897 2032 εἶπας,
924 1969 1153 2047 θύγατερ,
1173 1968 1308 2022 dna?
1339 1969 1349 2044 Ι
1384 1971 1449 2041 n}
1474 1972 1621 2041 καλῷ.

282 2065 410 2120 379.
454 2060 611 2120 Δεινός
634 2059 901 2135 χαρακτὴρ,
939 2058 1209 2128 andalo-maog
1239 2058 1249 2133 Ι
1282 2059 1325 2114 ἓν
1353 2061 1547 2137 βροτοῖς.

118 2254 195 2308 Et
225 2255 295 2308 sic
323 2256 457 2308 habe
480 2256 546 2308 de
572 2255 660 2318 τίς,
683 2255 797 2317 πῶς,
819 2253 1296 2325 interrogantibus;
1325 2251 1398 2318 ὥς,
1428 2254 1492 2317 ου’,
1521 2254 1621 2317 καὶ,

116 2355 171 2395 et
196 2343 470 2407 similibus,
502 2356 562 2397 ut
589 2343 778 2415 partim
806 2344 990 2396 monui
1017 2344 1082 2396 ad
1116 2343 1380 2398 Phoeniss.
1427 2343 1586 2396 1464.

191 2429 394 2483 Verum
418 2432 458 2485 si
486 2433 714 2484 secunda
736 2432 913 2503 quinti
936 2432 1080 2504 pedis
1103 2451 1218 2504 pars
1241 2430 1354 2501 ejus
1381 2433 1449 2483 sit
1470 2450 1628 2501 gene-

117 2520 204 2584 ris,
244 2534 305 2574 ut
335 2524 654 2592 praecedenti
685 2524 843 2575 verbo
871 2523 1161 2585 adhaereat,
1212 2535 1264 2573 et
1291 2520 1448 2572 ambo
1475 2520 1626 2591 quasi

120 2631 279 2664 unam
307 2632 486 2664 vocem
517 2612 669 2664 simul
699 2612 948 2674 efficiant,
993 2632 1093 2663 non
1128 2611 1240 2682 jam
1279 2608 1500 2680 amplius
1538 2630 1628 2662 ne-

118 2723 259 2756 cesse
288 2704 403 2765 erit,
447 2713 508 2754 ut
535 2702 757 2754 verbum
789 2703 1086 2773 praecedens
1118 2700 1258 2753 brevi
1297 2699 1499 2768 syllaba
1527 2711 1629 2752 ter-

121 2792 371 2846 minetur.
452 2791 535 2844 Ac
574 2791 739 2862 primo
780 2811 947 2862 pauca
983 2791 1207 2844 citemus
1236 2791 1490 2862 exempla,
1533 2792 1625 2844 ubi

116 2881 320 2952 syllaba
346 2882 585 2935 iambum
613 2883 915 2952 praecedens
948 2882 1014 2934 sit
1042 2901 1140 2933 vox
1166 2879 1426 2934 enclitica.
