<?xml version="1.0" encoding="UTF-8"?>
<!DOCTYPE html PUBLIC "-//W3C//DTD XHTML 1.0 Transitional//EN"
    "http://www.w3.org/TR/xhtml1/DTD/xhtml1-transitional.dtd">
<html xmlns="http://www.w3.org/1999/xhtml" xml:lang="en" lang="en">
 <head>
  <title>
</title>
<meta http-equiv="Content-Type" content="text/html;charset=utf-8" />
  <meta name='ocr-system' content='tesseract 3.04.00' />
  <meta name='ocr-capabilities' content='ocr_page ocr_carea ocr_par ocr_line ocrx_word'/>
</head>
<body>
  <div class='ocr_page' id='page_1' title='image "./euripidouekavore00euriuoft_0161.png"; bbox 0 0 1891 3230; ppageno 0'>
   <div class='ocr_carea' id='block_1_1' title="bbox 497 417 1389 503">
    <p class='ocr_par' dir='ltr' id='par_1_1' title="bbox 497 417 1389 503">
     <span class='ocr_line' id='line_1_1' title="bbox 497 417 1389 503; baseline -0.019 0"><span class='ocrx_word' id='word_1_1' title='bbox 497 439 915 503; x_wconf 75' lang='lat' dir='ltr'>SYLLABUS</span> <span class='ocrx_word' id='word_1_2' title='bbox 959 417 1389 497; x_wconf 77' lang='lat' dir='ltr'><strong>NOTARUM‚</strong></span> 
     </span>
    </p>
   </div>
   <div class='ocr_carea' id='block_1_2' title="bbox 350 576 1542 640">
    <p class='ocr_par' dir='ltr' id='par_1_2' title="bbox 350 576 1542 640">
     <span class='ocr_line' id='line_1_2' title="bbox 350 576 1542 640; baseline -0.019 -3"><span class='ocrx_word' id='word_1_3' title='bbox 350 595 594 640; x_wconf 84' lang='lat' dir='ltr'>QUIBUS</span> <span class='ocrx_word' id='word_1_4' title='bbox 640 584 1098 631; x_wconf 83' lang='lat' dir='ltr'><strong>MANUSCRIPTI</strong></span> <span class='ocrx_word' id='word_1_5' title='bbox 1144 576 1542 621; x_wconf 89' lang='lat' dir='ltr'><strong>SIGNANTUR.</strong></span> 
     </span>
    </p>
   </div>
   <div class='ocr_carea' id='block_1_3' title="bbox 210 844 1759 2491">
    <p class='ocr_par' dir='ltr' id='par_1_3' title="bbox 210 844 1045 906">
     <span class='ocr_line' id='line_1_3' title="bbox 210 844 1045 906; baseline -0.02 -10"><span class='ocrx_word' id='word_1_6' title='bbox 210 858 261 896; x_wconf 89' lang='lat' dir='ltr'>A.</span> <span class='ocrx_word' id='word_1_7' title='bbox 282 854 533 906; x_wconf 86' lang='lat' dir='ltr'>Mosquensis</span> <span class='ocrx_word' id='word_1_8' title='bbox 549 851 696 904; x_wconf 86' lang='lat' dir='ltr'>primus</span> <span class='ocrx_word' id='word_1_9' title='bbox 716 846 821 899; x_wconf 87' lang='lat' dir='ltr'>apud</span> <span class='ocrx_word' id='word_1_10' title='bbox 841 844 1045 883; x_wconf 87' lang='lat' dir='ltr'>Beckium.</span> 
     </span>
    </p>

    <p class='ocr_par' dir='ltr' id='par_1_4' title="bbox 210 910 1187 975">
     <span class='ocr_line' id='line_1_4' title="bbox 210 910 1187 975; baseline -0.019 -11"><span class='ocrx_word' id='word_1_11' title='bbox 210 927 316 975; x_wconf 86' lang='lat' dir='ltr'>Aug.</span> <span class='ocrx_word' id='word_1_12' title='bbox 341 931 375 962; x_wconf 92' lang='lat'>1.</span> <span class='ocrx_word' id='word_1_13' title='bbox 395 927 433 961; x_wconf 66' lang='grc' dir='ltr'>ἱ).</span> <span class='ocrx_word' id='word_1_14' title='bbox 463 919 688 972; x_wconf 85' lang='lat' dir='ltr'>Augustani</span> <span class='ocrx_word' id='word_1_15' title='bbox 709 917 787 955; x_wconf 93' lang='lat' dir='ltr'>duo</span> <span class='ocrx_word' id='word_1_16' title='bbox 807 914 912 967; x_wconf 82' lang='lat' dir='ltr'>apud</span> <span class='ocrx_word' id='word_1_17' title='bbox 931 910 1187 950; x_wconf 85' lang='lat' dir='ltr'>Brunckium.</span> 
     </span>
    </p>

    <p class='ocr_par' dir='ltr' id='par_1_5' title="bbox 210 969 1744 1115">
     <span class='ocr_line' id='line_1_5' title="bbox 210 969 1744 1034; baseline -0.018 0"><span class='ocrx_word' id='word_1_18' title='bbox 210 995 256 1034; x_wconf 92' lang='lat' dir='ltr'>C.</span> <span class='ocrx_word' id='word_1_19' title='bbox 270 995 316 1033; x_wconf 92' lang='lat' dir='ltr'>C.</span> <span class='ocrx_word' id='word_1_20' title='bbox 331 995 376 1032; x_wconf 92' lang='lat' dir='ltr'>C.</span> <span class='ocrx_word' id='word_1_21' title='bbox 390 993 449 1031; x_wconf 88' lang='lat' dir='ltr'>vel</span> <span class='ocrx_word' id='word_1_22' title='bbox 466 991 555 1029; x_wconf 89' lang='lat' dir='ltr'>MS.</span> <span class='ocrx_word' id='word_1_23' title='bbox 573 991 618 1029; x_wconf 88' lang='lat' dir='ltr'>C.</span> <span class='ocrx_word' id='word_1_24' title='bbox 636 990 682 1028; x_wconf 91' lang='lat' dir='ltr'>C.</span> <span class='ocrx_word' id='word_1_25' title='bbox 699 989 743 1027; x_wconf 90' lang='lat' dir='ltr'>C.</span> <span class='ocrx_word' id='word_1_26' title='bbox 763 985 892 1025; x_wconf 84' lang='lat' dir='ltr'>codex</span> <span class='ocrx_word' id='word_1_27' title='bbox 912 983 951 1020; x_wconf 89' lang='lat' dir='ltr'>in</span> <span class='ocrx_word' id='word_1_28' title='bbox 972 978 1158 1032; x_wconf 87' lang='lat' dir='ltr'>Corporis</span> <span class='ocrx_word' id='word_1_29' title='bbox 1174 974 1320 1015; x_wconf 84' lang='lat' dir='ltr'>Christi</span> <span class='ocrx_word' id='word_1_30' title='bbox 1340 972 1517 1024; x_wconf 89' lang='lat' dir='ltr'>Collegio</span> <span class='ocrx_word' id='word_1_31' title='bbox 1538 969 1744 1010; x_wconf 80' lang='lat' dir='ltr'>Cantabri-</span> 
     </span>
     <span class='ocr_line' id='line_1_6' title="bbox 261 1053 1025 1115; baseline -0.018 -13"><span class='ocrx_word' id='word_1_32' title='bbox 261 1064 350 1115; x_wconf 85' lang='lat' dir='ltr'>giae,</span> <span class='ocrx_word' id='word_1_33' title='bbox 371 1077 393 1101; x_wconf 88' lang='lat' dir='ltr'>a</span> <span class='ocrx_word' id='word_1_34' title='bbox 413 1060 600 1099; x_wconf 83' lang='lat' dir='ltr'>Barnesio</span> <span class='ocrx_word' id='word_1_35' title='bbox 621 1066 660 1097; x_wconf 87' lang='lat' dir='ltr'>et</span> <span class='ocrx_word' id='word_1_36' title='bbox 680 1056 827 1107; x_wconf 84' lang='lat' dir='ltr'>Kingio</span> <span class='ocrx_word' id='word_1_37' title='bbox 848 1053 1025 1092; x_wconf 84' lang='lat' dir='ltr'>collatus.</span> 
     </span>
    </p>

    <p class='ocr_par' dir='ltr' id='par_1_6' title="bbox 211 1107 1744 1250">
     <span class='ocr_line' id='line_1_7' title="bbox 211 1107 1744 1172; baseline -0.019 0"><span class='ocrx_word' id='word_1_38' title='bbox 211 1133 326 1172; x_wconf 88' lang='lat' dir='ltr'>Cant.</span> <span class='ocrx_word' id='word_1_39' title='bbox 346 1131 474 1170; x_wconf 87' lang='lat' dir='ltr'>codex</span> <span class='ocrx_word' id='word_1_40' title='bbox 495 1129 585 1168; x_wconf 89' lang='lat' dir='ltr'>olim</span> <span class='ocrx_word' id='word_1_41' title='bbox 606 1124 792 1171; x_wconf 84' lang='lat' dir='ltr'>Askewii,</span> <span class='ocrx_word' id='word_1_42' title='bbox 808 1131 914 1160; x_wconf 82' lang='lat' dir='ltr'>nunc</span> <span class='ocrx_word' id='word_1_43' title='bbox 934 1121 973 1157; x_wconf 89' lang='lat' dir='ltr'>in</span> <span class='ocrx_word' id='word_1_44' title='bbox 988 1115 1235 1157; x_wconf 82' lang='lat' dir='ltr'>Bibliotheca</span> <span class='ocrx_word' id='word_1_45' title='bbox 1255 1110 1481 1150; x_wconf 82' lang='lat' dir='ltr'>Academiae</span> <span class='ocrx_word' id='word_1_46' title='bbox 1497 1107 1744 1159; x_wconf 85' lang='lat' dir='ltr'>Cantabrigi·</span> 
     </span>
     <span class='ocr_line' id='line_1_8' title="bbox 264 1182 1246 1250; baseline -0.02 -11"><span class='ocrx_word' id='word_1_47' title='bbox 264 1200 366 1239; x_wconf 83' lang='lat' dir='ltr'>ensis</span> <span class='ocrx_word' id='word_1_48' title='bbox 386 1199 559 1250; x_wconf 85' lang='lat' dir='ltr'>signatus</span> <span class='ocrx_word' id='word_1_49' title='bbox 580 1195 681 1233; x_wconf 86' lang='lat' dir='ltr'>Mm.</span> <span class='ocrx_word' id='word_1_50' title='bbox 700 1196 734 1231; x_wconf 90' lang='lat'>1.</span> <span class='ocrx_word' id='word_1_51' title='bbox 757 1198 817 1230; x_wconf 90' lang='lat'><strong>11.</strong></span> <span class='ocrx_word' id='word_1_52' title='bbox 871 1188 973 1226; x_wconf 87' lang='lat' dir='ltr'>Vide</span> <span class='ocrx_word' id='word_1_53' title='bbox 993 1185 1094 1224; x_wconf 89' lang='lat' dir='ltr'>infra</span> <span class='ocrx_word' id='word_1_54' title='bbox 1113 1184 1174 1222; x_wconf 84' lang='lat' dir='ltr'>M.</span> <span class='ocrx_word' id='word_1_55' title='bbox 1193 1182 1246 1220; x_wconf 89' lang='lat' dir='ltr'>N.</span> 
     </span>
    </p>

    <p class='ocr_par' dir='ltr' id='par_1_7' title="bbox 211 1256 1064 1319">
     <span class='ocr_line' id='line_1_9' title="bbox 211 1256 1064 1319; baseline -0.019 -11"><span class='ocrx_word' id='word_1_56' title='bbox 211 1269 264 1307; x_wconf 92' lang='lat' dir='ltr'>D.</span> <span class='ocrx_word' id='word_1_57' title='bbox 285 1266 536 1319; x_wconf 87' lang='lat' dir='ltr'>Mosquensis</span> <span class='ocrx_word' id='word_1_58' title='bbox 555 1270 715 1316; x_wconf 85' lang='lat' dir='ltr'>quartus</span> <span class='ocrx_word' id='word_1_59' title='bbox 735 1259 839 1312; x_wconf 83' lang='lat' dir='ltr'>apud</span> <span class='ocrx_word' id='word_1_60' title='bbox 858 1256 1064 1296; x_wconf 85' lang='lat' dir='ltr'>Beckium.</span> 
     </span>
    </p>

    <p class='ocr_par' dir='ltr' id='par_1_8' title="bbox 214 1319 1354 1376">
     <span class='ocr_line' id='line_1_10' title="bbox 214 1319 1354 1376; baseline -0.017 0"><span class='ocrx_word' id='word_1_61' title='bbox 214 1339 269 1376; x_wconf 89' lang='lat' dir='ltr'>H.</span> <span class='ocrx_word' id='word_1_62' title='bbox 287 1337 347 1375; x_wconf 88' lang='lat' dir='ltr'>vel</span> <span class='ocrx_word' id='word_1_63' title='bbox 368 1335 481 1374; x_wconf 85' lang='lat' dir='ltr'><strong>Harl.</strong></span> <span class='ocrx_word' id='word_1_64' title='bbox 502 1332 739 1372; x_wconf 81' lang='lat' dir='ltr'>Harleianus</span> <span class='ocrx_word' id='word_1_65' title='bbox 758 1329 879 1374; x_wconf 81' lang='lat'>5725,</span> <span class='ocrx_word' id='word_1_66' title='bbox 895 1326 934 1363; x_wconf 93' lang='lat' dir='ltr'>in</span> <span class='ocrx_word' id='word_1_67' title='bbox 955 1323 1098 1362; x_wconf 83' lang='lat' dir='ltr'>Museo</span> <span class='ocrx_word' id='word_1_68' title='bbox 1114 1319 1354 1360; x_wconf 85' lang='lat' dir='ltr'>Britannico.</span> 
     </span>
    </p>

    <p class='ocr_par' dir='ltr' id='par_1_9' title="bbox 213 1399 822 1449">
     <span class='ocr_line' id='line_1_11' title="bbox 213 1399 822 1449; baseline -0.02 -3"><span class='ocrx_word' id='word_1_69' title='bbox 213 1407 253 1447; x_wconf 84' lang='lat' dir='ltr'>J.</span> <span class='ocrx_word' id='word_1_70' title='bbox 269 1405 504 1445; x_wconf 82' lang='lat' dir='ltr'>Harleianus</span> <span class='ocrx_word' id='word_1_71' title='bbox 523 1405 644 1449; x_wconf 81' lang='lat'>6300,</span> <span class='ocrx_word' id='word_1_72' title='bbox 665 1399 822 1437; x_wconf 86' lang='lat' dir='ltr'>ibidem.</span> 
     </span>
    </p>

    <p class='ocr_par' dir='ltr' id='par_1_10' title="bbox 215 1454 1750 1652">
     <span class='ocr_line' id='line_1_12' title="bbox 215 1454 1750 1527; baseline -0.017 -11"><span class='ocrx_word' id='word_1_73' title='bbox 215 1477 268 1515; x_wconf 82' lang='lat' dir='ltr'>K.</span> <span class='ocrx_word' id='word_1_74' title='bbox 285 1475 421 1527; x_wconf 88' lang='lat' dir='ltr'>Regiae</span> <span class='ocrx_word' id='word_1_75' title='bbox 443 1471 651 1512; x_wconf 87' lang='lat' dir='ltr'>Societatis</span> <span class='ocrx_word' id='word_1_76' title='bbox 672 1468 800 1507; x_wconf 85' lang='lat' dir='ltr'>codex</span> <span class='ocrx_word' id='word_1_77' title='bbox 820 1464 1030 1511; x_wconf 86' lang='lat' dir='ltr'>recentior,</span> <span class='ocrx_word' id='word_1_78' title='bbox 1051 1459 1232 1511; x_wconf 88' lang='lat' dir='ltr'>aKingio</span> <span class='ocrx_word' id='word_1_79' title='bbox 1253 1459 1430 1497; x_wconf 88' lang='lat' dir='ltr'>collatus.</span> <span class='ocrx_word' id='word_1_80' title='bbox 1484 1454 1616 1506; x_wconf 87' lang='lat' dir='ltr'>Hujus</span> <span class='ocrx_word' id='word_1_81' title='bbox 1636 1465 1750 1506; x_wconf 78' lang='lat' dir='ltr'>quas-</span> 
     </span>
     <span class='ocr_line' id='line_1_13' title="bbox 269 1524 1750 1589; baseline -0.015 -7"><span class='ocrx_word' id='word_1_82' title='bbox 269 1545 358 1583; x_wconf 89' lang='lat' dir='ltr'>dam</span> <span class='ocrx_word' id='word_1_83' title='bbox 378 1543 417 1580; x_wconf 91' lang='lat' dir='ltr'>in</span> <span class='ocrx_word' id='word_1_84' title='bbox 439 1540 567 1580; x_wconf 89' lang='lat' dir='ltr'>choris</span> <span class='ocrx_word' id='word_1_85' title='bbox 588 1535 922 1589; x_wconf 83' lang='lat' dir='ltr'>interpolationes,</span> <span class='ocrx_word' id='word_1_86' title='bbox 943 1547 966 1570; x_wconf 84' lang='lat' dir='ltr'>a</span> <span class='ocrx_word' id='word_1_87' title='bbox 985 1529 1132 1580; x_wconf 89' lang='lat' dir='ltr'>Kingio</span> <span class='ocrx_word' id='word_1_88' title='bbox 1152 1528 1192 1566; x_wconf 90' lang='lat' dir='ltr'>in</span> <span class='ocrx_word' id='word_1_89' title='bbox 1206 1535 1360 1567; x_wconf 84' lang='lat' dir='ltr'>textum</span> <span class='ocrx_word' id='word_1_90' title='bbox 1379 1524 1577 1572; x_wconf 82' lang='lat' dir='ltr'>admissas,</span> <span class='ocrx_word' id='word_1_91' title='bbox 1592 1535 1750 1575; x_wconf 85' lang='lat' dir='ltr'>prorsus</span> 
     </span>
     <span class='ocr_line' id='line_1_14' title="bbox 269 1613 390 1652; baseline -0.025 0"><span class='ocrx_word' id='word_1_92' title='bbox 269 1613 390 1652; x_wconf 84' lang='lat' dir='ltr'>tacui.</span> 
     </span>
    </p>

    <p class='ocr_par' dir='ltr' id='par_1_11' title="bbox 215 1667 1236 1733">
     <span class='ocr_line' id='line_1_15' title="bbox 215 1667 1236 1733; baseline -0.018 -11"><span class='ocrx_word' id='word_1_93' title='bbox 215 1683 369 1723; x_wconf 86' lang='lat' dir='ltr'><strong>L.MS.</strong></span> <span class='ocrx_word' id='word_1_94' title='bbox 391 1679 620 1733; x_wconf 75' lang='lat' dir='ltr'>Ayscough.</span> <span class='ocrx_word' id='word_1_95' title='bbox 638 1679 757 1724; x_wconf 71' lang='lat'>4952,</span> <span class='ocrx_word' id='word_1_96' title='bbox 776 1674 815 1712; x_wconf 91' lang='lat' dir='ltr'>in</span> <span class='ocrx_word' id='word_1_97' title='bbox 830 1673 974 1712; x_wconf 82' lang='lat' dir='ltr'>Museo</span> <span class='ocrx_word' id='word_1_98' title='bbox 993 1667 1236 1709; x_wconf 87' lang='lat' dir='ltr'>Britannico.</span> 
     </span>
    </p>

    <p class='ocr_par' dir='ltr' id='par_1_12' title="bbox 219 1727 1757 2079">
     <span class='ocr_line' id='line_1_16' title="bbox 219 1727 1754 1795; baseline -0.018 -3"><span class='ocrx_word' id='word_1_99' title='bbox 219 1753 280 1792; x_wconf 88' lang='lat' dir='ltr'>M.</span> <span class='ocrx_word' id='word_1_100' title='bbox 293 1753 345 1791; x_wconf 86' lang='lat' dir='ltr'>N.</span> <span class='ocrx_word' id='word_1_101' title='bbox 366 1751 456 1789; x_wconf 89' lang='lat' dir='ltr'><strong>MS.</strong></span> <span class='ocrx_word' id='word_1_102' title='bbox 475 1750 513 1787; x_wconf 89' lang='lat' dir='ltr'>in</span> <span class='ocrx_word' id='word_1_103' title='bbox 532 1747 778 1786; x_wconf 83' lang='lat' dir='ltr'>Bibliotheca</span> <span class='ocrx_word' id='word_1_104' title='bbox 796 1743 902 1795; x_wconf 89' lang='lat' dir='ltr'><strong>publ.</strong></span> <span class='ocrx_word' id='word_1_105' title='bbox 920 1740 1084 1781; x_wconf 84' lang='lat' dir='ltr'>Cantab.</span> <span class='ocrx_word' id='word_1_106' title='bbox 1099 1739 1275 1790; x_wconf 80' lang='lat' dir='ltr'>signatus</span> <span class='ocrx_word' id='word_1_107' title='bbox 1294 1733 1373 1772; x_wconf 89' lang='lat' dir='ltr'>Nn.</span> <span class='ocrx_word' id='word_1_108' title='bbox 1392 1735 1429 1771; x_wconf 76' lang='lat'>3.</span> <span class='ocrx_word' id='word_1_109' title='bbox 1447 1734 1508 1770; x_wconf 81' lang='lat'><strong>14.</strong></span> <span class='ocrx_word' id='word_1_110' title='bbox 1563 1729 1661 1767; x_wconf 90' lang='lat' dir='ltr'>Tres</span> <span class='ocrx_word' id='word_1_111' title='bbox 1675 1727 1754 1780; x_wconf 89' lang='lat' dir='ltr'>pri-</span> 
     </span>
     <span class='ocr_line' id='line_1_17' title="bbox 272 1798 1756 1866; baseline -0.018 -6"><span class='ocrx_word' id='word_1_112' title='bbox 272 1834 360 1860; x_wconf 85' lang='lat' dir='ltr'>ores</span> <span class='ocrx_word' id='word_1_113' title='bbox 379 1819 530 1858; x_wconf 81' lang='lat' dir='ltr'>fabulas</span> <span class='ocrx_word' id='word_1_114' title='bbox 548 1817 667 1855; x_wconf 84' lang='lat' dir='ltr'>habet</span> <span class='ocrx_word' id='word_1_115' title='bbox 686 1813 857 1866; x_wconf 84' lang='lat' dir='ltr'>eleganti</span> <span class='ocrx_word' id='word_1_116' title='bbox 880 1823 998 1849; x_wconf 88' lang='lat' dir='ltr'>manu</span> <span class='ocrx_word' id='word_1_117' title='bbox 1017 1807 1159 1848; x_wconf 87' lang='lat' dir='ltr'>saeculo</span> <span class='ocrx_word' id='word_1_118' title='bbox 1180 1804 1278 1843; x_wconf 92' lang='lat' dir='ltr'>XIV</span> <span class='ocrx_word' id='word_1_119' title='bbox 1292 1803 1470 1854; x_wconf 83' lang='lat' dir='ltr'>scriptas,</span> <span class='ocrx_word' id='word_1_120' title='bbox 1490 1799 1665 1850; x_wconf 87' lang='lat' dir='ltr'>duasque</span> <span class='ocrx_word' id='word_1_121' title='bbox 1683 1798 1756 1836; x_wconf 90' lang='lat' dir='ltr'>ite-</span> 
     </span>
     <span class='ocr_line' id='line_1_18' title="bbox 273 1866 1757 1941; baseline -0.018 -12"><span class='ocrx_word' id='word_1_122' title='bbox 273 1904 360 1929; x_wconf 91' lang='lat' dir='ltr'>rum</span> <span class='ocrx_word' id='word_1_123' title='bbox 377 1889 526 1941; x_wconf 84' lang='lat' dir='ltr'>priores</span> <span class='ocrx_word' id='word_1_124' title='bbox 545 1883 756 1936; x_wconf 87' lang='lat' dir='ltr'>ineleganti</span> <span class='ocrx_word' id='word_1_125' title='bbox 776 1889 816 1920; x_wconf 85' lang='lat' dir='ltr'>et</span> <span class='ocrx_word' id='word_1_126' title='bbox 834 1877 1100 1918; x_wconf 80' lang='lat' dir='ltr'>recentissima</span> <span class='ocrx_word' id='word_1_127' title='bbox 1114 1887 1244 1913; x_wconf 85' lang='lat' dir='ltr'>manu.</span> <span class='ocrx_word' id='word_1_128' title='bbox 1291 1871 1407 1909; x_wconf 90' lang='lat' dir='ltr'>Illum</span> <span class='ocrx_word' id='word_1_129' title='bbox 1424 1867 1589 1921; x_wconf 85' lang='lat' dir='ltr'>posthac</span> <span class='ocrx_word' id='word_1_130' title='bbox 1607 1866 1757 1905; x_wconf 89' lang='lat' dir='ltr'>vocabo</span> 
     </span>
     <span class='ocr_line' id='line_1_19' title="bbox 274 1934 1756 2005; baseline -0.018 -8"><span class='ocrx_word' id='word_1_131' title='bbox 274 1959 337 2005; x_wconf 91' lang='lat' dir='ltr'>M,</span> <span class='ocrx_word' id='word_1_132' title='bbox 358 1956 617 1996; x_wconf 87' lang='lat' dir='ltr'>recentiorem</span> <span class='ocrx_word' id='word_1_133' title='bbox 638 1953 689 1991; x_wconf 92' lang='lat' dir='ltr'><strong>N.</strong></span> <span class='ocrx_word' id='word_1_134' title='bbox 736 1951 790 1989; x_wconf 78' lang='lat' dir='ltr'>Et</span> <span class='ocrx_word' id='word_1_135' title='bbox 803 1950 909 1988; x_wconf 89' lang='lat' dir='ltr'>hunc</span> <span class='ocrx_word' id='word_1_136' title='bbox 929 1946 1106 1986; x_wconf 89' lang='lat' dir='ltr'>codicem</span> <span class='ocrx_word' id='word_1_137' title='bbox 1126 1950 1167 1982; x_wconf 87' lang='lat' dir='ltr'>et</span> <span class='ocrx_word' id='word_1_138' title='bbox 1187 1943 1301 1981; x_wconf 85' lang='lat' dir='ltr'>Cant.</span> <span class='ocrx_word' id='word_1_139' title='bbox 1322 1939 1369 1978; x_wconf 86' lang='lat' dir='ltr'>ab</span> <span class='ocrx_word' id='word_1_140' title='bbox 1391 1936 1575 1976; x_wconf 80' lang='lat' dir='ltr'>Askewio</span> <span class='ocrx_word' id='word_1_141' title='bbox 1589 1934 1756 1974; x_wconf 87' lang='lat' dir='ltr'>utendos</span> 
     </span>
     <span class='ocr_line' id='line_1_20' title="bbox 277 2007 1502 2079; baseline -0.018 -13"><span class='ocrx_word' id='word_1_142' title='bbox 277 2027 432 2079; x_wconf 86' lang='lat' dir='ltr'>accepit</span> <span class='ocrx_word' id='word_1_143' title='bbox 451 2022 717 2075; x_wconf 84' lang='lat' dir='ltr'>Musgravius,</span> <span class='ocrx_word' id='word_1_144' title='bbox 737 2021 805 2059; x_wconf 85' lang='lat' dir='ltr'>sed</span> <span class='ocrx_word' id='word_1_145' title='bbox 821 2018 956 2072; x_wconf 89' lang='lat' dir='ltr'>paucis</span> <span class='ocrx_word' id='word_1_146' title='bbox 975 2023 1127 2055; x_wconf 83' lang='lat' dir='ltr'>tantum</span> <span class='ocrx_word' id='word_1_147' title='bbox 1147 2013 1186 2050; x_wconf 91' lang='lat' dir='ltr'>in</span> <span class='ocrx_word' id='word_1_148' title='bbox 1203 2010 1300 2049; x_wconf 91' lang='lat' dir='ltr'>locis</span> <span class='ocrx_word' id='word_1_149' title='bbox 1320 2007 1502 2060; x_wconf 86' lang='lat' dir='ltr'>inspexit.</span> 
     </span>
    </p>

    <p class='ocr_par' dir='ltr' id='par_1_13' title="bbox 225 2073 1757 2137">
     <span class='ocr_line' id='line_1_21' title="bbox 225 2073 1757 2137; baseline -0.016 -1"><span class='ocrx_word' id='word_1_150' title='bbox 225 2097 398 2137; x_wconf 88' lang='lat' dir='ltr'>Membr.</span> <span class='ocrx_word' id='word_1_151' title='bbox 425 2094 660 2132; x_wconf 84' lang='lat' dir='ltr'>membranae</span> <span class='ocrx_word' id='word_1_152' title='bbox 675 2091 714 2128; x_wconf 89' lang='lat' dir='ltr'>in</span> <span class='ocrx_word' id='word_1_153' title='bbox 736 2088 982 2128; x_wconf 85' lang='lat' dir='ltr'>Bibliotheca</span> <span class='ocrx_word' id='word_1_154' title='bbox 1001 2081 1223 2129; x_wconf 88' lang='lat' dir='ltr'>Parisiensi,</span> <span class='ocrx_word' id='word_1_155' title='bbox 1243 2079 1334 2119; x_wconf 89' lang='lat' dir='ltr'>olim</span> <span class='ocrx_word' id='word_1_156' title='bbox 1355 2078 1496 2129; x_wconf 88' lang='lat' dir='ltr'>Regia,</span> <span class='ocrx_word' id='word_1_157' title='bbox 1515 2090 1538 2115; x_wconf 88' lang='lat' dir='ltr'>a</span> <span class='ocrx_word' id='word_1_158' title='bbox 1557 2073 1757 2113; x_wconf 86' lang='lat' dir='ltr'>Brunckio</span> 
     </span>
    </p>

    <p class='ocr_par' dir='ltr' id='par_1_14' title="bbox 223 2166 442 2205">
     <span class='ocr_line' id='line_1_22' title="bbox 223 2166 442 2205; baseline -0.018 0"><span class='ocrx_word' id='word_1_159' title='bbox 223 2203 226 2205; x_wconf 17' lang='grc' dir='ltr'><strong>Α</strong></span> <span class='ocrx_word' id='word_1_160' title='bbox 278 2166 442 2205; x_wconf 83' lang='lat' dir='ltr'>collatae.</span> 
     </span>
    </p>

    <p class='ocr_par' dir='ltr' id='par_1_15' title="bbox 225 2212 1759 2275">
     <span class='ocr_line' id='line_1_23' title="bbox 225 2212 1759 2275; baseline -0.017 0"><span class='ocrx_word' id='word_1_161' title='bbox 225 2236 347 2275; x_wconf 86' lang='lat' dir='ltr'><strong>MSS.</strong></span> <span class='ocrx_word' id='word_1_162' title='bbox 364 2233 528 2272; x_wconf 88' lang='lat' dir='ltr'>Dorvill.</span> <span class='ocrx_word' id='word_1_163' title='bbox 550 2231 716 2271; x_wconf 86' lang='lat' dir='ltr'>Codices</span> <span class='ocrx_word' id='word_1_164' title='bbox 731 2225 962 2267; x_wconf 87' lang='lat' dir='ltr'>Dorvilliani</span> <span class='ocrx_word' id='word_1_165' title='bbox 978 2225 1070 2271; x_wconf 90' lang='lat' dir='ltr'>duo,</span> <span class='ocrx_word' id='word_1_166' title='bbox 1085 2234 1210 2273; x_wconf 86' lang='lat' dir='ltr'>nuper</span> <span class='ocrx_word' id='word_1_167' title='bbox 1225 2220 1326 2258; x_wconf 88' lang='lat' dir='ltr'>inter</span> <span class='ocrx_word' id='word_1_168' title='bbox 1340 2215 1575 2256; x_wconf 86' lang='lat' dir='ltr'>Bodleianos</span> <span class='ocrx_word' id='word_1_169' title='bbox 1588 2212 1759 2265; x_wconf 87' lang='lat' dir='ltr'>repositi.</span> 
     </span>
    </p>

    <p class='ocr_par' dir='ltr' id='par_1_16' title="bbox 227 2283 1759 2418">
     <span class='ocr_line' id='line_1_24' title="bbox 227 2283 1759 2350; baseline -0.015 -7"><span class='ocrx_word' id='word_1_170' title='bbox 227 2305 274 2343; x_wconf 90' lang='lat' dir='ltr'>P.</span> <span class='ocrx_word' id='word_1_171' title='bbox 293 2304 353 2342; x_wconf 88' lang='lat' dir='ltr'>vel</span> <span class='ocrx_word' id='word_1_172' title='bbox 368 2302 456 2341; x_wconf 91' lang='lat' dir='ltr'>Lib.</span> <span class='ocrx_word' id='word_1_173' title='bbox 476 2302 519 2339; x_wconf 92' lang='lat' dir='ltr'>P.</span> <span class='ocrx_word' id='word_1_174' title='bbox 541 2301 638 2339; x_wconf 88' lang='lat' dir='ltr'>liber</span> <span class='ocrx_word' id='word_1_175' title='bbox 658 2299 865 2350; x_wconf 87' lang='lat' dir='ltr'>impressus</span> <span class='ocrx_word' id='word_1_176' title='bbox 884 2297 923 2334; x_wconf 89' lang='lat' dir='ltr'>in</span> <span class='ocrx_word' id='word_1_177' title='bbox 944 2295 1044 2334; x_wconf 88' lang='lat' dir='ltr'>Bibl.</span> <span class='ocrx_word' id='word_1_178' title='bbox 1066 2289 1288 2339; x_wconf 89' lang='lat' dir='ltr'>Parisiensi,</span> <span class='ocrx_word' id='word_1_179' title='bbox 1316 2301 1405 2328; x_wconf 85' lang='lat' dir='ltr'>cum</span> <span class='ocrx_word' id='word_1_180' title='bbox 1435 2285 1556 2324; x_wconf 90' lang='lat' dir='ltr'><strong>MSS.</strong></span> <span class='ocrx_word' id='word_1_181' title='bbox 1579 2283 1759 2329; x_wconf 76' lang='lat' dir='ltr'>collatus,</span> 
     </span>
     <span class='ocr_line' id='line_1_25' title="bbox 282 2360 1247 2418; baseline -0.013 -8"><span class='ocrx_word' id='word_1_182' title='bbox 282 2372 385 2411; x_wconf 89' lang='lat' dir='ltr'>unde</span> <span class='ocrx_word' id='word_1_183' title='bbox 404 2371 528 2409; x_wconf 84' lang='lat' dir='ltr'>varias</span> <span class='ocrx_word' id='word_1_184' title='bbox 546 2370 736 2408; x_wconf 87' lang='lat' dir='ltr'>lectiones</span> <span class='ocrx_word' id='word_1_185' title='bbox 756 2366 964 2418; x_wconf 87' lang='lat' dir='ltr'>exscripsit</span> <span class='ocrx_word' id='word_1_186' title='bbox 985 2360 1247 2414; x_wconf 71' lang='lat' dir='ltr'>MusgraviuS.</span> 
     </span>
    </p>

    <p class='ocr_par' dir='ltr' id='par_1_17' title="bbox 229 2437 955 2491">
     <span class='ocr_line' id='line_1_26' title="bbox 229 2437 955 2491; baseline -0.011 -9"><span class='ocrx_word' id='word_1_187' title='bbox 229 2443 279 2482; x_wconf 82' lang='lat' dir='ltr'>R.</span> <span class='ocrx_word' id='word_1_188' title='bbox 303 2442 414 2480; x_wconf 81' lang='lat' dir='ltr'>Alter</span> <span class='ocrx_word' id='word_1_189' title='bbox 433 2440 568 2491; x_wconf 81' lang='lat' dir='ltr'>Regiae</span> <span class='ocrx_word' id='word_1_190' title='bbox 590 2438 796 2478; x_wconf 80' lang='lat' dir='ltr'>Societatis</span> <span class='ocrx_word' id='word_1_191' title='bbox 816 2437 955 2476; x_wconf 85' lang='lat' dir='ltr'>codex.</span> 
     </span>
    </p>
   </div>
  </div>
 </body>
</html>
