1843 3198
111 121 145 171 8
635 112 1157 194 ΕΥΡΙΠΙΔΟΥ

258 266 450 337 κοξυφῆς
477 260 815 335 ὑπερτέλλοντα
843 260 1073 332 δειμαίνων
1100 260 1271 334 πὲτξον,

256 338 354 411 ἀὲξι
382 341 604 401 ποτᾶται,
631 336 712 389 καὶ
741 336 843 388 τίνει
872 339 1039 396 ταύτην
1067 336 1205 396 (imm,

106 551 211 591 mine
223 550 415 597 feruntur,
428 562 499 601 pro
511 548 690 600 genuinis
705 562 874 600 agnove-

105 605 171 643 rit.
200 604 332 642 Poe'tis
352 611 482 640 tamen
505 603 552 641 ab
574 602 740 640 Homeri
759 610 873 641 aetate

106 657 296 708 proximis
328 656 463 706 ignota
495 668 579 693 esse
603 655 758 693 videtui
788 656 874 694 haec

106 710 281 748 historia.
338 708 543 756 Pindarus,
565 708 722 770 Olymp.
747 708 778 746 I.
809 712 873 748 91.

105 762 226 816 πατὴρ
264 761 516 830 ὑπερκρέμασε
563 759 735 814 κοὶρτερον
774 761 878 814 αὐτῷ

107 816 220 860 λίθον,
243 814 303 854 τὸν
324 816 381 853 aiz
386 815 394 853 l
414 829 587 876 μενοινων
607 815 779 865 κεφαλαῖς
801 802 874 860 βα-

108 872 196 911 λεῖν
245 867 469 918 εὐφροσύνας
505 866 666 905 damma.
738 866 876 905 Isthm.

108 921 224 959 VIII.
252 923 316 958 21.
341 920 460 969 ἐπειδὴ
491 918 550 958 τὸν
584 919 668 983 ὑπὲρ
702 920 876 969 κεφαλᾶς

108 990 156 1041 γε
176 973 352 1012 Tot-aram
338 989 373 1011 υ
404 973 500 1011 λίθον
519 972 622 1026 παρά
641 986 696 1016 τις
725 973 803 1027 ἔτςε
789 987 876 1018 εψεν

108 1043 211 1078 avim
232 1027 331 1071 θεός
365 1027 427 1063 Ad
442 1026 618 1086 priorem
626 1025 772 1072 locum,
790 1039 876 1064 ver-

109 1080 216 1117 sibus
242 1093 292 1117 ex
314 1080 492 1130 Odyssea
512 1078 654 1125 citatis,
674 1078 729 1117 ita
747 1078 877 1143 pergit

112 1131 374 1171 Scholiastes:
400 1131 497 1181 πλὴν
524 1134 552 1170 εὶ
583 1131 633 1183 μὴ
666 1131 766 1170 necrol
787 1131 874 1195 Ἀρι-

112 1198 283 1239 σταρχον
300 1186 387 1224 νόθα
401 1184 471 1223 εἶσι
490 1183 539 1223 τοὶ
555 1185 621 1235 ἔπη
641 1186 778 1223 ταῦτα.
795 1183 876 1224 Ἀλ-

110 1243 214 1283 mnf
255 1239 289 1276 δὲ
323 1254 385 1276 και
418 1238 581 1289 Αλκμαν
630 1236 706 1276 λίοθ
692 1252 728 1276 ν
764 1237 876 1287 φασὶν

111 1292 266 1351 ἐπαιωρε
254 1292 368 1330 amai
390 1307 441 1342 τῳ
457 1290 658 1342 Τανταλῳ.
675 1291 690 1328 ὁ
712 1290 749 1328 δὲ
774 1289 876 1329 Ἀλκ-

109 1345 201 1396 μοὶν,
236 1357 330 1388 οπως
372 1343 497 1406 (forte
527 1332 693 1395 Ἀλκμάν
722 1340 848 1388 οὕτως·
859 1343 873 1394 )

112 1397 205 1463 ἀνὴρ
236 1396 262 1434 ὃ
288 1398 324 1434 ἐν
355 1396 569 1447 ασμὲνοισιν
590 1384 776 1459 α’λιτηρός,
801 1394 878 1446 ἧσθ

112 1450 169 1489 ἔπι
201 1448 332 1494 θάκοις
369 1448 472 1488 κατὰ.
499 1449 651 1514 πέτρας,
679 1448 784 1487 οὲων
810 1449 879 1499 μὲν

113 1502 225 1546 ουδὲν,
264 1502 395 1540 δοκέων
435 1502 484 1540 δέ.
513 1501 659 1551 ἐποίησε
679 1463 730 1539 og}
762 1502 825 1539 noel
865 1502 879 1539 ὁ

109 1554 350 1618 Ἀρχίλοχος,
389 1553 470 1615 μήδ’
502 1554 517 1592 ὁ
548 1556 745 1593 Ταποέλου
786 1553 882 1598 λίθος

110 1605 225 1657 TrJffS'
257 1607 323 1647 ὑπὸ
361 1609 468 1657 νήσου
499 1606 702 1670 κςεμάσθη.
736 1607 816 1645 ἔνιοι
846 1607 881 1644 δε

113 1660 286 1700 ἀκούουσι
302 1661 363 1699 τὸν
378 1660 505 1712 πέτρον
523 1661 580 1698 ἐπὶ
600 1675 688 1698 του·
688 1659 797 1710 ξ’λιου.
813 1660 882 1698 Se-

112 1714 274 1766 quentia
292 1713 380 1751 vide
395 1713 495 1751 infra
513 1713 563 1751 ad
581 1727 616 1751 v.
638 1717 687 1754 97
696 1719 728 1751 1.
784 1713 881 1751 Alc-

112 1780 237 1807 mams
269 1767 399 1805 locum
425 1773 563 1804 sanent
592 1766 631 1812 ii,
662 1766 730 1816 qui
761 1766 882 1804 velint

114 1828 182 1859 aut
201 1820 363 1872 possint.
391 1819 438 1857 In
469 1819 711 1857 Archilocho
744 1818 881 1857 leviter

115 1872 390 1924 corrigendum
416 1872 480 1910 ύπὲ
467 1889 502 1922 ρ
530 1880 569 1909 et
589 1889 645 1925 ng
633 1870 801 1922 εμοίσθω,
830 1884 882 1909 ex

114 1926 344 1970 Plutarcho,
366 1925 690 1975 Polit.P1aecept.
710 1925 883 1984 T.11.p.

115 1978 205 2017 803.
227 1979 277 2016 A.
292 1977 395 2015 Finis
415 1988 473 2015 est
492 1977 681 2015 trochaici
702 1977 883 2016 cumini·

114 2031 170 2069 tio
190 2030 363 2075 alterius,
379 2030 484 2081 quod
503 2044 592 2067 cum
611 2043 691 2068 non
711 2030 883 2068 animad-

111 2083 296 2121 vertisset
351 2083 585 2130 Brunckius‚
641 2083 881 2121 senariorum

112 2136 333 2187 fragmenta
352 2136 406 2174 ita
426 2136 650 2174 constituit:
677 2134 761 2187 μήδ
794 2136 810 2174 ὁ
838 2140 883 2173 Τ.

116 2198 155 2229 λ.
173 2188 480 2242 ’Υπεξκρεμαο-Θω
517 2190 628 2238 *No-6⁸5
660 2191 782 2239 νήσου,
812 2188 882 2226 im-

112 2242 325 2282 modulate.
380 2241 481 2279 Vide
502 2241 684 2280 Analect.
714 2242 760 2279 T.
787 2242 820 2279 Ι.
845 2255 883 2301 Ρ.

113 2298 179 2336 47.
236 2294 314 2332 Sed
329 2294 458 2346 plures
480 2294 710 2332 Archilochi
725 2302 765 2332 et
780 2295 881 2345 opti·

113 2361 199 2386 mos
231 2347 452 2385 trochaicos
487 2346 526 2383 in
563 2347 638 2384 alia
668 2355 882 2385 metrorum

115 2414 261 2451 genera
280 2400 411 2451 coe'git
431 2399 665 2445 Brunckius,
700 2408 743 2437 ut
761 2414 798 2450 p.
817 2404 882 2438 45.

117 2453 245 2492 XXV.
271 2454 316 2491 E}
338 2469 416 2504 γαρ
438 2468 485 2497 ως
506 2452 586 2504 ἐμοι
606 2453 747 2503 γένοιτο
769 2455 884 2503 χεῖρα

117 2509 218 2544 Neo?
221 2505 329 2555 ου’λης
356 2505 445 2572 &lose
449 2520 492 2543 ιν.
530 2519 568 2556 p.
596 2508 659 2545 46.
694 2505 881 2542 XXXVI.

113 2558 184 2603 Ὠς
200 2557 389 2596 Διωνυσοι
411 2556 571 2602 ἀνακτος
598 2557 715 2596 καλὸν
731 2556 881 2610 ἐξάρξαι

117 2610 232 2660 μέλος
260 2610 356 2650 Οἶδα
384 2611 612 2674 &tfflv'wocptssov
645 2608 727 2661 οἴνῳ
749 2624 883 2661 συγκε-

118 2663 286 2722 ραυνωθε
260 2679 307 2708 ις
329 2664 472 2723 φρένας.
524 2663 630 2700 Nihil
650 2650 796 2699 mutavi
815 2675 881 2699 ne-

118 2729 194 2767 que
213 2729 252 2752 m
277 2716 418 2763 verbis,
438 2729 565 2767 neque
584 2715 623 2753 in
644 2715 779 2753 ordine
798 2728 883 2753 ver-

115 2769 279 2813 borum;
318 2776 470 2806 tantum
501 2768 722 2807 meminerit
744 2768 884 2814 lector,

116 2820 233 2860 καλὸν
260 2827 301 2860 et
321 2821 538 2874 διθύραμξον
557 2821 720 2873 primam
740 2819 884 2873 produ-

929 562 1034 597 cere,
1055 549 1174 588 καλὸν
1193 550 1298 601 apud
1310 557 1462 588 veteres
1477 548 1696 600 iambogra-

926 603 1039 654 phos,
1068 603 1351 641 Archilochum
1372 603 1475 650 dico,
1498 602 1696 649 Solonem,

930 655 1184 703 Simonidem,
1204 655 1280 694 hoc
1299 656 1403 708 apud
1423 668 1557 694 omnes
1585 655 1695 693 Grae-

929 721 1009 746 cos.
1064 708 1210 746 Versus
1226 711 1306 759 jam
1326 716 1433 747 recte
1452 709 1699 759 disposuerat

931 760 1133 799 Bentleius
1154 762 1191 799 in
1207 761 1359 799 Phalar.
1378 776 1417 813 p.
1435 764 1526 800 295.
1543 761 1627 799 Has
1639 768 1698 798 ta-

931 826 1021 852 men
1041 815 1154 852 metri
1171 815 1413 865 corruptelas
1426 815 1586 865 adoptat
1602 814 1700 851 Lar-

933 867 1074 905 cherus
1106 867 1156 905 ad
1184 867 1377 905 Gallicam
1398 866 1595 905 Herodoti
1613 879 1699 905 ver-

933 920 1098 966 sionem,
1118 920 1148 958 Ι.
1165 923 1229 959 [23.
1247 920 1323 958 vol.
1338 921 1370 958 Ι.
1383 935 1420 972 p.
1444 924 1531 960 196.
1552 921 1694 970 [209.]

933 972 1067 1011 Nihilo
1082 972 1220 1011 melius
1241 974 1424 1012 tractavit
1443 980 1483 1012 et
1501 974 1578 1010 hoc
1596 972 1701 1024 frag-

931 1033 1108 1064 mentum
1142 1026 1363 1065 Brunckius
1399 1041 1438 1078 p.
1472 1028 1536 1067 47.
1558 1024 1702 1064 Ελπο-

930 1094 1034 1142 “⁶⁰⁶¹ss
1014 1078 1175 1123 πολλους
1189 1095 1217 1130 μ
1208 1080 1256 1116 ὲν
1271 1079 1393 1119 αὐτων
1408 1078 1544 1132 Σείριος
1557 1091 1697 1117 καταυ-

932 1133 1014 1170 ave?
1037 1131 1182 1181 ’02:135’
1169 1129 1393 1182 ελλάμπων.
1416 1132 1495 1170 Sed
1514 1132 1631 1170 redeo
1651 1130 1702 1171 ad

932 1184 1156 1222 Tantalum.
1190 1184 1358 1226 Quidam
1378 1185 1413 1222 ei
1434 1198 1504 1236 pro
1525 1183 1702 1235 simplice

931 1250 1027 1275 saxo
1068 1237 1243 1289 Sipylum
1278 1245 1451 1276 montem
1476 1237 1702 1288 impendere

932 1291 1055 1337 aiunt,
1086 1290 1192 1341 quod
1217 1298 1435 1329 memorant
1465 1290 1702 1329 Scholiastes

932 1356 1049 1394 supra
1086 1343 1243 1389 citatus,
1278 1344 1512 1382 Plutarchus
1543 1342 1704 1389 alicubi,

934 1395 1159 1434 Antoninus
1169 1396 1373 1434 Liberalis.
1388 1397 1606 1448 Utramque
1621 1408 1704 1447 poe-

933 1462 1038 1494 nam,
1058 1456 1098 1485 et
1117 1462 1256 1486 saxum
1276 1449 1504 1501 impendens
1525 1456 1565 1487 et
1583 1448 1704 1500 dapes

933 1500 1078 1539 frustra
1097 1501 1309 1553 appositas,
1342 1504 1602 1553 conjungunt,
1636 1507 1705 1539 aut

937 1555 987 1592 ad
1005 1555 1167 1592 alteram
1185 1562 1325 1602 utram,
1351 1562 1469 1606 prout
1489 1568 1551 1593 res
1569 1561 1703 1606 postu-

935 1608 1004 1653 lat,
1020 1607 1199 1645 alludunt
1220 1608 1478 1646 Philostratus
1494 1608 1544 1645 V.
1557 1609 1608 1645 A.
1628 1607 1706 1644 III.

937 1664 1001 1699 25.
1019 1674 1057 1711 p.
1080 1664 1168 1708 115.
1191 1664 1277 1699 116.
1296 1660 1377 1698 Vit.
1395 1661 1473 1712 Sop
1476 1660 1565 1698 hist.
1586 1660 1618 1698 Ι,
1639 1661 1706 1706 21,

939 1719 972 1752 1.
998 1727 1036 1764 p.
1065 1716 1156 1752 513.
1177 1714 1332 1751 Auctor
1353 1714 1585 1752 Atridarum
1603 1711 1706 1750 redi-

934 1773 996 1803 tus
1016 1766 1119 1816 apud
1141 1767 1392 1813 Athenaeu'm,
1415 1766 1703 1816 V11.p.281.

936 1819 982 1856 B.
999 1819 1105 1856 Dion
1121 1819 1389 1870 Chrysostom.
1408 1818 1477 1857 Or.
1493 1818 1565 1856 VI.
1584 1832 1623 1869 p.
1639 1819 1706 1858 97.

936 1871 1085 1909 LXIV.
1114 1886 1153 1922 p.
1184 1875 1275 1910 594.
1304 1872 1427 1923 Greg.
1465 1871 1708 1910 Nazianzen.

936 1925 975 1961 in
996 1924 1207 1962 Muratorii
1229 1924 1462 1970 Anecdotis,
1494 1924 1570 1963 vol.
1590 1923 1639 1961 V.
1665 1937 1705 1974 p.

936 1981 975 2015 4.
1030 1975 1197 2015 Nonnus
1216 1977 1265 2014 ad
1286 1977 1469 2028 Gregorii
1502 1975 1629 2015 Stelit.
1649 1977 1704 2015 II.

938 2034 1001 2068 31.
1059 2030 1197 2068 Suidas
1216 2030 1308 2069 inv.
1330 2034 1541 2074 Τάνταλος.
1588 2029 1708 2067 Tzet·

937 2096 1001 2121 zes
1022 2082 1190 2121 Chiliad.
1210 2083 1259 2120 V.
1278 2086 1369 2125 479.
1390 2090 1429 2121 et
1448 2096 1529 2133 seq.
1561 2081 1609 2118 In
1625 2081 1703 2120 Po-

936 2137 1003 2187 lyg
1006 2135 1089 2174 noti
1126 2136 1280 2188 pictura
1309 2135 1416 2187 apud
1451 2133 1702 2183 Pausaniam,

938 2189 1060 2227 Phoc.
1080 2188 1130 2226 X.
1152 2192 1217 2228 31.
1234 2203 1273 2240 p.
1293 2191 1383 2230 876.
1409 2194 1493 2226 erat
1509 2185 1706 2234 Tar-maog

937 2242 999 2281 καὶ
1014 2239 1124 2280 ἄλλα
1131 2241 1246 2303 ἔχων
1266 2239 1432 2305 οἱλγεινοὶ
1452 2239 1572 2279 ὁπόσοι
1580 2239 1707 2302 Ὅμη-

936 2310 1003 2357 ρος
1020 2294 1073 2334 ἐπ’
1093 2293 1194 2347 αὐτῷ
1213 2293 1416 2344 πεποὶγκεν,
1446 2293 1503 2332 ἐπι
1525 2293 1562 2330 δὲ
1580 2292 1705 2340 din-075

934 2346 1130 2411 πρόσεστιν
1151 2347 1178 2385 ὁι
1200 2346 1262 2385 καὶ
1290 2346 1330 2385 τὸ
1360 2348 1401 2385 ἐκ
1419 2345 1484 2384 τοῦ
1503 2345 1705 2411 ἐπηρτημέ-

937 2415 994 2438 νου
1032 2398 1129 2438 λίθου
1171 2400 1291 2451 δεῖμα.
1347 2399 1598 2448 Πολύγνωτος
1636 2400 1706 2452 μὲν

938 2451 1047 2500 δῆλός
1075 2453 1175 2490 ἐστιν
1192 2452 1494 2503 ἐπακολουθήσας
1514 2453 1568 2504 τῷ
1571 2450 1709 2515 Ἀρχι-

938 2505 1078 2571 λόχου
1105 2504 1146 2543 λο’
1136 2521 1223 2557 κγῳ.
1285 2504 1510 2572 Ἀρχίλοχος
1543 2493 1590 2550 δ’,
1636 2519 1706 2571 eun

938 2556 1031 2601 0i6‚cx
1051 2555 1123 2595 εἴτε
1144 2554 1322 2621 ἐοιδσίχθη
1343 2572 1416 2620 παρ
1447 2556 1580 2595 ἄλλων
1598 2556 1649 2596 τοὶ
1668 2558 1705 2602 ἐς

936 2609 996 2648 τὸν
1014 2608 1123 2656 mov,
1136 2609 1207 2648 εἴτε
1227 2626 1291 2649 και
1308 2626 1352 2649 αι.
1345 2608 1418 2654 ’τὸς
1434 2610 1470 2654 ἐς
1485 2609 1550 2660 τήν
1563 2609 1705 2660 ποίησιν

937 2662 1194 2714 εἰσηνέγκατο.

991 2715 1290 2763 Archilochum,
1323 2713 1517 2761 Alcaeum,
1545 2714 1705 2752 Alcma-

937 2781 1001 2814 na,
1039 2768 1266 2816 Pindarum,
1305 2774 1346 2806 et
1383 2766 1612 2819 Euripidem
1644 2779 1705 2805 se·

939 2828 1111 2872 quuntur
1126 2822 1240 2861 Plato
1248 2820 1423 2872 Cratylo,
1436 2822 1547 2873 p.52‚
1565 2821 1627 2858 12.
1642 2819 1704 2858 ed.
