1891 3230
253 240 775 278 SUPPLEMENTUM
810 240 894 275 AD
930 236 1421 274 PnAErA'rmNssM.
1478 218 1599 270 xxiii

101 339 341 417 exempla
378 364 442 398 ex
486 342 691 396 Helena
733 340 997 411 Euripidis
1026 343 1112 393 88.
1143 351 1196 390 et
1225 337 1438 391 Electra
1466 344 1593 392 314.

101 438 228 487 315.
257 433 435 486 attulit
461 433 816 493 Hermannus,
847 429 1005 482 Praef.
1036 449 1084 500 p.
1114 426 1206 481 63.
1241 447 1459 499 quorum
1488 430 1597 481 duo

103 523 273 592 priora
298 522 669 574 correctionem
703 539 869 592 neque
899 518 1204 580 admittunt,
1234 535 1403 587 neque
1431 518 1598 590 requi-

105 624 243 663 runt.
326 610 602 681 Euripides
642 610 797 662 etiam
840 609 891 660 in
936 606 1276 676 Νεοπτόλεμος,
1300 604 1600 670 Ἱππόλυτος,

104 697 417 768 Ταυροπόλος,
459 711 560 751 tres
603 698 815 751 ultimas
856 697 1078 768 syllabas
1110 707 1426 765 anapaestum
1456 695 1597 758 fecit,

101 790 237 860 quod
278 800 450 840 tamen
488 789 538 839 in
569 787 809 858 genitivis
837 800 887 838 et
924 785 1107 837 dativis
1150 784 1344 836 meliori
1377 784 1496 854 jure
1527 783 1599 834 fe-

100 879 233 930 cisse
266 877 483 940 videtur,
525 898 678 949 quam
721 878 770 928 in
816 875 1140 927 nominativis
1180 887 1231 926 et
1270 870 1593 926 accusativis

101 965 265 1018 Simili
317 967 526 1020 licentia
577 987 757 1018 vocem
803 965 1176 1034 anapaesticam
1227 964 1277 1015 in
1335 961 1598 1014 trochaico

101 1076 246 1109 versu
275 1057 347 1108 ita
364 1056 705 1117 collocabant,
731 1066 786 1105 ut
813 1055 937 1105 duae
962 1054 1140 1105 breves
1162 1053 1377 1120 syllabae
1402 1051 1598 1121 dactyli

102 1157 296 1217 partem
327 1144 615 1197 efficerent.

249 1272 347 1325 Or.
381 1277 541 1333 1549.
595 1270 830 1340 Ξῦγγονόν
857 1269 901 1322 τ’
927 1269 1035 1340 {priv
1063 1269 1275 1334 Πυλάδην
1304 1295 1354 1323 τε
1382 1271 1459 1325 τδν
1486 1272 1596 1327 τάδε

317 1359 568 1437 ξυνδρῶντά
590 1385 680 1432 μοι.

168 1449 292 1522 1911.
322 1454 389 1504 Α.
415 1455 542 1504 324.
583 1449 670 1514 Οὔ,
698 1449 801 1527 πρὶν
816 1449 870 1502 ὀὲν
887 1448 1015 1515 δείξω
1035 1459 1262 1503 Δαναοῖσι
1277 1450 1398 1503 πᾶσι
1415 1450 1598 1518 τοῖγγε-

310 1539 575 1616 γραμμὲνα.

417 1632 544 1681 355.
576 1625 745 1680 Χιλῖων
765 1623 917 1695 ἅρχων
940 1624 1145 1703 Πριάμου
1167 1648 1217 1677 τε
1239 1624 1388 1678 πεδίον
1416 1625 1598 1697 ἐμπλή-

315 1740 405 1777 σας
427 1715 560 1788 δορός.

97 1865 413 1938 Quanquam
438 1867 694 1918 secundus
723 1883 894 1915 versus
915 1862 1063 1915 aliter
1085 1862 1186 1933 legi
1213 1873 1402 1932 potest,
1433 1864 1510 1916 vel
1534 1884 1596 1916 ex

98 1953 223 2008 MS.
266 1953 395 2020 δείξω
433 1979 487 2022 ’γε
528 1964 746 2017 Δαναοῖς,
789 1954 866 2005 vel
910 1973 937 2004 e
980 1952 1280 2023 conjectura
1324 1950 1593 2013 Δαναΐδαις.

96 2045 299 2098 Comici
323 2045 496 2116 igitur,
521 2045 687 2096 minus
712 2043 1005 2096 mirandum
1031 2055 1126 2104 est,
1145 2042 1186 2093 si
1208 2042 1485 2112 dactylum
1508 2041 1596 2093 ali-

94 2136 302 2208 quando
329 2136 380 2187 in
408 2133 708 2186 Trochaicis
749 2133 1117 2192 admittebant,
1159 2151 1280 2183 cum
1325 2130 1594 2201 proprium

97 2218 285 2277 nomen
307 2236 622 2286 occurreret,
658 2223 795 2284 licet,
837 2222 877 2274 si
905 2222 1075 2293 paullo
1105 2221 1215 2292 plus
1239 2219 1429 2272 laboris
1455 2219 1596 2270 insu-

96 2333 235 2366 mere
289 2315 496 2378 vellent,
553 2315 685 2366 banc
737 2312 998 2365 licentiam
1051 2314 1240 2364 evitare
1294 2309 1594 2382 potuissent.

100 2403 419 2476 Hermippus
446 2402 693 2456 Athenaei
729 2401 835 2455 XI.
867 2421 920 2473 p.
950 2400 1078 2455 486.
1109 2401 1177 2453 A.
1221 2400 1376 2471 (male
1420 2408 1596 2451 notata.

92 2491 250 2563 488.)

229 2620 319 2673 Ἢν
345 2617 437 2687 ἔγειῗ
461 2619 593 2673 πάθω
621 2645 665 2673 τι
693 2618 816 2683 τῆνὸε
843 2618 924 2682 τῆν
950 2618 1196 2682 λεπάστην
1223 2617 1407 2681 imam,

243 2712 325 2779 Tc}
355 2708 550 2778 Διονύσῳ
576 2711 736 2763 πάντα
763 2708 1011 2780 τοῖμαυτοῧ
1038 2707 1191 2780 δίδωμι
1219 2708 1467 2783 χρήματα.

170 2855 418 2911 Comicus
444 2858 689 2920 incertuS‚
721 2859 809 2910 sed
832 2858 1174 2929 Aristophani
1196 2857 1433 2929 aequalis,
1457 2858 1594 2929 apud

98 2946 368 3000 Plutarch.
399 2946 556 3000 Polit.
590 2945 757 2999 Praec.
790 2968 836 3018 p.
870 2953 997 3000 811.
1031 2946 1090 2998 F.
