1891 3230
274 221 798 258 suPPLEMEN'rUM
833 221 917 257 AD
953 218 1449 256 PRAEFATIONEM.
1527 201 1652 256 xxix

363 346 785 420 Κρυσταλλοπῆγα
810 343 884 397 διοέ
909 345 1040 423 ‘niem‘
1067 350 1267 422 στρατὸς
1291 348 1428 421 περᾷ.

143 491 206 543 In
237 491 466 543 secundo
498 491 612 544 dele
642 492 848 545 noxiam
876 492 1186 564 particulam
1213 491 1287 557 ὀὲν,
1329 505 1380 546 et
1406 492 1537 564 lege,

351 650 422 703 Ἥ
449 650 603 727 κάρτα
623 650 843 727 χρησμῶν
869 650 942 727 ἄρ’
966 650 1083 724 ἓμῶν
1107 651 1428 727 παρεσκὸπεις.

141 811 202 863 In
235 809 389 863 tertio
418 809 583 862 τᾶλλα
611 811 922 863 mendosum
954 823 1051 874 est,
1094 831 1213 864 cum
1253 809 1387 863 ἄλλα
1425 830 1533 863 esse
1561 811 1654 864 de-

143 901 330 961 beret;
372 919 666 973 quanquam
711 900 810 953 hoe
858 899 1066 972 quidem
1109 901 1258 955 aliter
1293 901 1462 954 sanari
1508 912 1653 973 pote—

141 1003 252 1044 rat:
293 992 402 1055 sed,
438 1005 498 1043 ut
527 985 776 1044 ἐπεικάσαι
806 989 985 1041 sedem
1014 1009 1159 1042 suam
1189 989 1444 1054 obtineat,
1476 989 1654 1061 legen-

141 1082 288 1144 dum,
907 1070 911 1074 ²

366 1180 463 1236 Ka}
491 1181 655 1236 πολλοί
679 1181 730 1249 ‘y'
751 1181 800 1243 Ῑῆν
826 1180 994 1235 δίκαιον
1019 1182 1131 1235 ἄλλ’
1157 1182 1421 1236 ἐπεικάσαι.

143 1341 412 1395 Exstabat
439 1337 562 1391 olim
589 1336 640 1389 in
673 1335 858 1408 Eurip.
888 1336 1068 1408 Suppl.
1099 1335 1221 1391 168.
1254 1336 1339 1389 hic
1364 1356 1556 1399 versus,

365 1471 529 1533 Πολιός
552 1473 659 1550 οἷνῆξ)
687 1470 948 1545 εὐδαιμονεῖν
975 1471 1080 1535 ἴσως
1105 1473 1262 1548 πάρος.

144 1609 266 1663 Nisi
288 1608 455 1663 MSS.
479 1607 798 1660 Parisienses
817 1607 884 1658 ad
912 1606 1052 1659 hunc
1073 1606 1244 1658 locum
1265 1605 1445 1660 collati
1464 1617 1653 1672 essent,

143 1700 259 1770 quis
277 1718 454 1751 veram
480 1698 759 1751 lectionem
783 1717 961 1750 eruere
989 1697 1194 1769 posset?
1235 1696 1301 1749 Id
1328 1697 1655 1771 tamemqui-

143 1808 346 1861 cunque
374 1808 551 1840 aurem
585 1788 796 1851 habeat,
840 1787 1013 1840 videre
1043 1788 1225 1860 possit,
1266 1807 1369 1841 non
1407 1807 1520 1839 essev
1544 1799 1653 1840 tam

141 1878 550 1931 immodulatum
604 1876 866 1930 senarium
914 1878 985 1930 ab
1033 1877 1287 1950 Euripide
1337 1878 1656 1950 profectum.

142 1969 248 2023 Sed
298 1969 443 2021 aliud
489 1979 567 2021 est
613 1987 838 2020 errorem
888 1967 1135 2032 indicare,
1188 1968 1328 2020 aliud
1375 1968 1652 2039 corrigere.

145 2057 314 2111 Dedit
343 2058 697 2112 Marklandus
724 2078 752 2111 e
775 2057 943 2112 MSS.
973 2057 1135 2118 Πολιός
1157 2057 1264 2135 dvii?
1286 2058 1488 2135 τύραννος
1509 2056 1654 2112 εὐδαί-

141 2175 237 2221 μων
257 2150 418 2227 πάρος·
461 2152 599 2223 quod
623 2152 663 2203 si
688 2172 789 2204 non
818 2171 1018 2213 verum,
1047 2172 1166 2204 vero
1196 2164 1338 2205 certe
1360 2151 1652 2223 proximum

144 2254 304 2311 put03
334 2241 496 2293 latere
525 2242 665 2294 enim
693 2242 743 2295 in
774 2242 988 2295 Aldinae
1012 2242 1247 2295 lectionis
1276 2241 1553 2294 ruderibus
1583 2250 1655 2293 te-

146 2350 246 2382 nue
288 2330 516 2383 veritatis
555 2332 831 2403 vestigium
872 2332 1141 2392 existim0;
1189 2332 1385 2385 scilicet
1429 2353 1457 2383 a
1503 2331 1656 2402 poeta

147 2419 422 2489 scriptum,
451 2420 612 2480 Πολιὸς
637 2421 746 2497 dvii?
773 2420 974 2498 τύραννος
998 2419 1244 2492 ἰσοδαίμων
1269 2419 1430 2494 «πάρος,
1465 2420 1654 2473 deinde

146 2507 245 2560 levi
285 2528 456 2561 errore
498 2523 762 2563 mutatum
813 2509 1058 2583 ἶσοὸοιᾲιων
1111 2511 1161 2563 in
1215 2509 1451 2582 εὐδαίμων·
1514 2511 1654 2584 quod

145 2617 358 2650 monere
383 2598 556 2651 volens
578 2600 837 2663 librarius,
865 2613 954 2653 aut
983 2600 1118 2653 inter
1140 2620 1312 2652 versus
1333 2613 1421 2651 aut
1443 2601 1494 2653 in
1525 2622 1657 2654 mar·

145 2689 270 2760 gine
301 2688 504 2741 notavit
525 2688 598 2741 ἰσο
621 2689 903 2761 legendum
928 2709 1025 2762 pro
1053 2689 1117 2743 εὖ.
1195 2690 1357 2752 Illud,
1387 2701 1443 2743 ut
1469 2692 1544 2756 fit,
1571 2690 1658 2744 alii

147 2778 445 2849 neglexere,
488 2778 649 2830 altera
678 2780 901 2833 lectione
940 2780 1206 2839 contenti3
1249 2780 1334 2832 alii
1361 2780 1539 2832 leviter
1565 2780 1656 2831 de-

147 2882 414 2937 pravatum
457 2868 508 2920 in
553 2881 751 2923 textum
793 2871 1031 2934 intulere,
1085 2884 1140 2923 ut
1183 2870 1295 2923 talis
1337 2872 1441 2925 fere
1483 2891 1654 2925 versus

149 2958 358 3012 tandem
390 2959 639 3012 exstiterit
662 2979 673 3017 ;
