1891 3230
599 620 1191 680 PRAEFATIO.

718 826 724 831 .
755 826 1056 835 .-mo—-

294 979 509 1044 QUID
550 981 602 1034 in
644 981 740 1034 hac
780 980 1087 1052 Euripideae
1130 982 1380 1036 Hecubae
1421 983 1649 1040 editione

140 1082 388 1142 praestare
415 1081 640 1125 conatus
669 1070 784 1133 sim,
813 1070 997 1142 paucis
1020 1089 1299 1143 exponam.
1382 1071 1537 1125 Nihil
1560 1074 1650 1129 hic

140 1160 388 1232 exquisiti
414 1168 508 1215 aut
535 1158 795 1213 reconditi
823 1161 1219 1231 expectandum
1239 1180 1254 1221 ;
1291 1160 1519 1216 tironum
1548 1164 1651 1216 usi-

138 1250 236 1303 bus
265 1251 385 1303 haec
413 1249 579 1322 opella
607 1248 936 1321 potissimum
965 1249 1226 1302 destinata
1254 1262 1348 1303 est.

211 1338 448 1394 Primum
478 1339 578 1392 hoc
604 1357 823 1410 operam
851 1338 992 1403 dedi,
1023 1351 1078 1391 ut
1106 1352 1298 1404 textuS,
1337 1340 1378 1393 si
1406 1361 1510 1394 non
1538 1361 1650 1395 om·

138 1429 265 1483 nino
294 1429 621 1492 emendatus,
661 1428 915 1500 plerisque
956 1428 1139 1482 saltem
1179 1431 1368 1483 ceteris
1407 1431 1650 1485 editioni-

135 1520 233 1572 bus
259 1519 437 1591 purior
465 1519 819 1571 exhiberetur.
901 1516 1119 1571 Deinde
1159 1519 1371 1573 editoris
1410 1521 1648 1576 officium

134 1631 242 1664 esse
277 1611 528 1682 judicavi,
578 1609 725 1672 nihil,
768 1610 864 1662 nisi
917 1610 1116 1663 monito
1164 1611 1376 1674 lectore,
1425 1632 1646 1672 novare;

134 1701 443 1774 praesertim,
484 1701 525 1753 si
566 1721 667 1773 qua
706 1719 769 1753 ex
807 1702 1109 1773 conjectura
1133 1701 1288 1755 lectio
1318 1703 1648 1757 admittenda

134 1791 425 1850 videretur3
481 1790 726 1863 quocirca
787 1790 1030 1845 editionis
1084 1791 1295 1846 Aldinae
1363 1793 1646 1847 lectionem

131 1900 334 1952 semper
373 1880 679 1943 memoravi,
726 1879 822 1933 nisi
863 1881 998 1934 forte
1038 1882 1214 1953 paucis
1254 1882 1308 1935 in
1347 1883 1490 1946 lociS,
1530 1904 1644 1956 quae

131 1971 199 2023 ad
227 1989 558 2024 communem
589 1989 825 2023 errorum
855 1971 1055 2024 fontem
1097 1972 1433 2043 pertinerent,
1476 1972 1644 2044 cujus-

131 2059 272 2112 modi
299 2072 379 2112 est
409 2058 688 2113 Dorismus
715 2060 811 2113 iste
847 2060 1004 2135 μάτηρ
1041 2081 1134 2132 pro
1172 2061 1336 2136 μήτηρ,
1376 2074 1429 2115 et
1465 2063 1642 2116 termi-

129 2149 352 2213 nationis
379 2176 392 2201 ι
419 2151 522 2203 sive
553 2176 592 2204 ιν
620 2152 824 2205 additio
852 2152 932 2205 vel
961 2152 1239 2205 detractio.

205 2239 367 2302 Quod
395 2241 460 2293 ad
489 2241 653 2294 varias
679 2241 928 2295 lectiones
955 2243 1162 2307 attinet,
1195 2243 1481 2316 plerasque,
1511 2263 1640 2315 prae-

130 2338 365 2402 terquam
393 2343 576 2403 aperte
606 2333 833 2396 vitiosas,
870 2334 1109 2394 enotavi3
1149 2335 1239 2387 sed
1279 2335 1637 2397 auctoritates,

128 2419 320 2491 quibus
359 2423 579 2495 singulae
621 2424 876 2487 nituntur,
912 2444 1016 2477 non
1049 2444 1252 2497 semper
1280 2425 1486 2478 curiose
1512 2445 1638 2477 enu-

127 2509 355 2570 meravi3
422 2525 694 2585 propterea
756 2515 896 2587 quod
951 2516 1108 2568 modo
1161 2535 1265 2568 non
1319 2526 1430 2566 erat
1485 2515 1634 2578 tanti,

127 2599 284 2650 modo
314 2611 418 2651 tam
448 2602 774 2674 negligenter
802 2604 855 2656 in
886 2604 987 2657 hoc
1023 2624 1236 2657 munere
1264 2602 1451 2656 versati
1487 2614 1635 2657 erant

127 2688 287 2740 ceteri
341 2689 583 2754 editores,
638 2704 701 2744 ut
756 2693 1055 2746 testimonia
1119 2692 1404 2746 MStorum
1461 2709 1633 2763 neque

125 2791 362 2832 accurate
387 2781 644 2832 numerari
674 2801 845 2854 neque
873 2783 1150 2854 ponderari
1173 2793 1400 2853 possent.
1487 2781 1632 2844 Quo-

127 2870 424 2943 tiescunque
487 2868 753 2941 Euripidis
818 2872 932 2925 loca
987 2873 1054 2925 ab
1108 2872 1327 2945 antiquo
1384 2876 1631 2947 quopiam

124 2961 378 3033 scriptore
423 2980 539 3014 cum
582 2960 829 3015 varietate
867 2963 1104 3018 lectionis
1145 2963 1341 3018 laudari
1380 2966 1630 3020 memine-

857 3073 887 3103 a
