<?xml version="1.0" encoding="UTF-8"?>
<!DOCTYPE html PUBLIC "-//W3C//DTD XHTML 1.0 Transitional//EN"
    "http://www.w3.org/TR/xhtml1/DTD/xhtml1-transitional.dtd">
<html xmlns="http://www.w3.org/1999/xhtml" xml:lang="en" lang="en">
 <head>
  <title>
</title>
<meta http-equiv="Content-Type" content="text/html;charset=utf-8" />
  <meta name='ocr-system' content='tesseract 3.04.00' />
  <meta name='ocr-capabilities' content='ocr_page ocr_carea ocr_par ocr_line ocrx_word'/>
</head>
<body>
  <div class='ocr_page' id='page_1' title='image "./euripidouekavore00euriuoft_0026.png"; bbox 0 0 1843 3198; ppageno 0'>
   <div class='ocr_carea' id='block_1_1' title="bbox 636 385 1225 437">
    <p class='ocr_par' dir='ltr' id='par_1_1' title="bbox 636 385 1225 437">
     <span class='ocr_line' id='line_1_1' title="bbox 636 385 1225 437; baseline 0.002 -2"><span class='ocrx_word' id='word_1_1' title='bbox 636 385 1225 437; x_wconf 76' lang='lat' dir='ltr'><strong>SUPPLEMENTUM</strong></span> 
     </span>
    </p>
   </div>
   <div class='ocr_carea' id='block_1_2' title="bbox 902 530 953 555">
    <p class='ocr_par' dir='ltr' id='par_1_2' title="bbox 902 530 953 555">
     <span class='ocr_line' id='line_1_2' title="bbox 902 530 953 555; baseline 0 0"><span class='ocrx_word' id='word_1_2' title='bbox 902 530 953 555; x_wconf 81' lang='lat' dir='ltr'>AI)</span> 
     </span>
    </p>
   </div>
   <div class='ocr_carea' id='block_1_3' title="bbox 474 634 1392 705">
    <p class='ocr_par' dir='ltr' id='par_1_3' title="bbox 474 634 1392 705">
     <span class='ocr_line' id='line_1_3' title="bbox 474 634 1392 705; baseline 0.002 -15"><span class='ocrx_word' id='word_1_3' title='bbox 474 634 1392 705; x_wconf 68' lang='lat' dir='ltr'><strong>PRAEFATIONEM.</strong></span> 
     </span>
    </p>
   </div>
   <div class='ocr_carea' id='block_1_4' title="bbox 168 939 1724 2990">
    <p class='ocr_par' dir='ltr' id='par_1_4' title="bbox 168 939 1724 2901">
     <span class='ocr_line' id='line_1_4' title="bbox 253 939 1681 1014; baseline 0 -19"><span class='ocrx_word' id='word_1_4' title='bbox 253 939 373 996; x_wconf 88' lang='lat' dir='ltr'>SIC</span> <span class='ocrx_word' id='word_1_5' title='bbox 402 941 506 994; x_wconf 87' lang='lat' dir='ltr'>fere</span> <span class='ocrx_word' id='word_1_6' title='bbox 534 954 654 994; x_wconf 85' lang='lat' dir='ltr'>ante</span> <span class='ocrx_word' id='word_1_7' title='bbox 683 961 847 994; x_wconf 88' lang='lat' dir='ltr'>annos</span> <span class='ocrx_word' id='word_1_8' title='bbox 875 940 1100 1014; x_wconf 88' lang='lat' dir='ltr'>quinque</span> <span class='ocrx_word' id='word_1_9' title='bbox 1131 942 1375 1014; x_wconf 79' lang='lat' dir='ltr'>praefatus</span> <span class='ocrx_word' id='word_1_10' title='bbox 1404 962 1535 1004; x_wconf 88' lang='lat' dir='ltr'>sum,</span> <span class='ocrx_word' id='word_1_11' title='bbox 1563 962 1681 995; x_wconf 89' lang='lat' dir='ltr'>cum</span> 
     </span>
     <span class='ocr_line' id='line_1_5' title="bbox 179 1030 1681 1103; baseline 0 -19"><span class='ocrx_word' id='word_1_12' title='bbox 179 1030 466 1085; x_wconf 82' lang='lat' dir='ltr'>Hecubam</span> <span class='ocrx_word' id='word_1_13' title='bbox 500 1030 859 1103; x_wconf 72' lang='lat' dir='ltr'>Euripideum,</span> <span class='ocrx_word' id='word_1_14' title='bbox 901 1031 1045 1084; x_wconf 84' lang='lat' dir='ltr'>velut</span> <span class='ocrx_word' id='word_1_15' title='bbox 1078 1031 1318 1084; x_wconf 80' lang='lat' dir='ltr'>editionis</span> <span class='ocrx_word' id='word_1_16' title='bbox 1348 1052 1491 1084; x_wconf 85' lang='lat' dir='ltr'>novae</span> <span class='ocrx_word' id='word_1_17' title='bbox 1518 1032 1681 1103; x_wconf 91' lang='lat' dir='ltr'>speci-</span> 
     </span>
     <span class='ocr_line' id='line_1_6' title="bbox 177 1119 1681 1192; baseline 0 -17"><span class='ocrx_word' id='word_1_18' title='bbox 177 1143 316 1185; x_wconf 91' lang='lat' dir='ltr'>men,</span> <span class='ocrx_word' id='word_1_19' title='bbox 355 1122 581 1174; x_wconf 82' lang='lat' dir='ltr'><strong>ederem.</strong></span> <span class='ocrx_word' id='word_1_20' title='bbox 660 1120 850 1192; x_wconf 83' lang='lat' dir='ltr'><strong>Nuper</strong></span> <span class='ocrx_word' id='word_1_21' title='bbox 891 1139 1028 1180; x_wconf 85' lang='lat' dir='ltr'>vero,</span> <span class='ocrx_word' id='word_1_22' title='bbox 1069 1140 1189 1172; x_wconf 90' lang='lat' dir='ltr'>cum</span> <span class='ocrx_word' id='word_1_23' title='bbox 1235 1119 1350 1173; x_wconf 88' lang='lat' dir='ltr'>Viri</span> <span class='ocrx_word' id='word_1_24' title='bbox 1398 1122 1681 1175; x_wconf 83' lang='lat' dir='ltr'>doctissimi</span> 
     </span>
     <span class='ocr_line' id='line_1_7' title="bbox 175 1206 1682 1285; baseline -0.003 -20"><span class='ocrx_word' id='word_1_25' title='bbox 175 1224 329 1285; x_wconf 84' lang='lat' dir='ltr'>atque</span> <span class='ocrx_word' id='word_1_26' title='bbox 352 1209 726 1272; x_wconf 82' lang='lat' dir='ltr'>humanissimi,</span> <span class='ocrx_word' id='word_1_27' title='bbox 756 1207 944 1282; x_wconf 89' lang='lat' dir='ltr'>quibus</span> <span class='ocrx_word' id='word_1_28' title='bbox 966 1206 1335 1280; x_wconf 82' lang='lat' dir='ltr'>Typographei</span> <span class='ocrx_word' id='word_1_29' title='bbox 1367 1209 1527 1261; x_wconf 81' lang='lat' dir='ltr'>nostri</span> <span class='ocrx_word' id='word_1_30' title='bbox 1559 1229 1682 1261; x_wconf 85' lang='lat' dir='ltr'>cura</span> 
     </span>
     <span class='ocr_line' id='line_1_8' title="bbox 175 1298 1680 1372; baseline -0.001 -17"><span class='ocrx_word' id='word_1_31' title='bbox 175 1303 490 1355; x_wconf 88' lang='lat' dir='ltr'>demandata</span> <span class='ocrx_word' id='word_1_32' title='bbox 517 1311 612 1363; x_wconf 84' lang='lat' dir='ltr'>est,</span> <span class='ocrx_word' id='word_1_33' title='bbox 639 1300 850 1372; x_wconf 78' lang='lat' dir='ltr'>dignam</span> <span class='ocrx_word' id='word_1_34' title='bbox 886 1319 1095 1370; x_wconf 84' lang='lat' dir='ltr'>operam</span> <span class='ocrx_word' id='word_1_35' title='bbox 1137 1318 1306 1350; x_wconf 87' lang='lat' dir='ltr'>meam</span> <span class='ocrx_word' id='word_1_36' title='bbox 1337 1298 1680 1369; x_wconf 81' lang='lat' dir='ltr'>judicassent,</span> 
     </span>
     <span class='ocr_line' id='line_1_9' title="bbox 175 1391 1679 1464; baseline 0 -20"><span class='ocrx_word' id='word_1_37' title='bbox 175 1410 292 1464; x_wconf 83' lang='lat' dir='ltr'>quae</span> <span class='ocrx_word' id='word_1_38' title='bbox 321 1412 384 1443; x_wconf 84' lang='lat' dir='ltr'>ex</span> <span class='ocrx_word' id='word_1_39' title='bbox 415 1391 574 1463; x_wconf 82' lang='lat' dir='ltr'>praelo</span> <span class='ocrx_word' id='word_1_40' title='bbox 601 1392 810 1463; x_wconf 79' lang='lat' dir='ltr'>inclytae</span> <span class='ocrx_word' id='word_1_41' title='bbox 833 1391 1134 1443; x_wconf 60' lang='lat' dir='ltr'>Academiae</span> <span class='ocrx_word' id='word_1_42' title='bbox 1160 1403 1347 1443; x_wconf 61' lang='lat' dir='ltr'>nostras¹</span> <span class='ocrx_word' id='word_1_43' title='bbox 1371 1392 1552 1453; x_wconf 84' lang='lat' dir='ltr'>exiret,</span> <span class='ocrx_word' id='word_1_44' title='bbox 1580 1391 1679 1444; x_wconf 89' lang='lat' dir='ltr'>hoc</span> 
     </span>
     <span class='ocr_line' id='line_1_10' title="bbox 174 1480 1680 1544; baseline -0.001 -10"><span class='ocrx_word' id='word_1_45' title='bbox 174 1482 355 1535; x_wconf 80' lang='lat' dir='ltr'>saltem</span> <span class='ocrx_word' id='word_1_46' title='bbox 387 1482 551 1534; x_wconf 86' lang='lat' dir='ltr'>facere</span> <span class='ocrx_word' id='word_1_47' title='bbox 574 1481 742 1533; x_wconf 86' lang='lat' dir='ltr'>enisus</span> <span class='ocrx_word' id='word_1_48' title='bbox 770 1500 827 1533; x_wconf 91' lang='lat' dir='ltr'>su</span> <span class='ocrx_word' id='word_1_49' title='bbox 839 1501 904 1544; x_wconf 88' lang='lat' dir='ltr'>m,</span> <span class='ocrx_word' id='word_1_50' title='bbox 937 1492 991 1532; x_wconf 90' lang='lat' dir='ltr'>ut</span> <span class='ocrx_word' id='word_1_51' title='bbox 1021 1481 1156 1533; x_wconf 89' lang='lat' dir='ltr'>hanc</span> <span class='ocrx_word' id='word_1_52' title='bbox 1181 1480 1331 1532; x_wconf 84' lang='lat' dir='ltr'>nimis</span> <span class='ocrx_word' id='word_1_53' title='bbox 1354 1481 1566 1532; x_wconf 85' lang='lat' dir='ltr'>fortasse</span> <span class='ocrx_word' id='word_1_54' title='bbox 1592 1481 1680 1532; x_wconf 86' lang='lat' dir='ltr'>be-</span> 
     </span>
     <span class='ocr_line' id='line_1_11' title="bbox 175 1570 1678 1644; baseline 0 -20"><span class='ocrx_word' id='word_1_55' title='bbox 175 1572 387 1644; x_wconf 82' lang='lat' dir='ltr'>nignam</span> <span class='ocrx_word' id='word_1_56' title='bbox 416 1593 592 1625; x_wconf 83' lang='lat' dir='ltr'>eorum</span> <span class='ocrx_word' id='word_1_57' title='bbox 613 1573 908 1644; x_wconf 86' lang='lat' dir='ltr'>opinionem</span> <span class='ocrx_word' id='word_1_58' title='bbox 932 1591 1033 1625; x_wconf 87' lang='lat' dir='ltr'>non</span> <span class='ocrx_word' id='word_1_59' title='bbox 1058 1573 1273 1624; x_wconf 86' lang='lat' dir='ltr'>omnino</span> <span class='ocrx_word' id='word_1_60' title='bbox 1301 1571 1549 1624; x_wconf 83' lang='lat' dir='ltr'>fallerem.</span> <span class='ocrx_word' id='word_1_61' title='bbox 1613 1570 1678 1624; x_wconf 84' lang='lat' dir='ltr'>In</span> 
     </span>
     <span class='ocr_line' id='line_1_12' title="bbox 175 1654 1724 1735; baseline -0.001 -20"><span class='ocrx_word' id='word_1_62' title='bbox 175 1662 309 1715; x_wconf 88' lang='lat' dir='ltr'>notis</span> <span class='ocrx_word' id='word_1_63' title='bbox 326 1662 483 1733; x_wconf 82' lang='lat' dir='ltr'>igitur</span> <span class='ocrx_word' id='word_1_64' title='bbox 500 1663 745 1735; x_wconf 59' lang='lat' dir='ltr'>quaedam</span> <span class='ocrx_word' id='word_1_65' title='bbox 763 1663 961 1726; x_wconf 80' lang='lat' dir='ltr'>addidi,</span> <span class='ocrx_word' id='word_1_66' title='bbox 985 1674 1075 1714; x_wconf 88' lang='lat' dir='ltr'>aut</span> <span class='ocrx_word' id='word_1_67' title='bbox 1096 1662 1289 1714; x_wconf 84' lang='lat' dir='ltr'>mutavi</span> <span class='ocrx_word' id='word_1_68' title='bbox 1310 1681 1324 1721; x_wconf 83' lang='lat'><em>3</em></span> <span class='ocrx_word' id='word_1_69' title='bbox 1355 1661 1479 1713; x_wconf 81' lang='lat' dir='ltr'>nihil</span> <span class='ocrx_word' id='word_1_70' title='bbox 1502 1672 1677 1714; x_wconf 86' lang='lat' dir='ltr'>autem</span> <span class='ocrx_word' id='word_1_71' title='bbox 1723 1654 1724 1657; x_wconf 8' lang='grc' dir='ltr'><strong>Ἴ</strong></span> 
     </span>
     <span class='ocr_line' id='line_1_13' title="bbox 174 1750 1676 1825; baseline -0.003 -21"><span class='ocrx_word' id='word_1_72' title='bbox 174 1773 378 1825; x_wconf 86' lang='lat' dir='ltr'>prorsus</span> <span class='ocrx_word' id='word_1_73' title='bbox 406 1753 590 1805; x_wconf 75' lang='lat' dir='ltr'>delevi.</span> <span class='ocrx_word' id='word_1_74' title='bbox 674 1752 1021 1824; x_wconf 79' lang='lat' dir='ltr'>Quaecunque</span> <span class='ocrx_word' id='word_1_75' title='bbox 1049 1750 1300 1803; x_wconf 84' lang='lat' dir='ltr'>momenti</span> <span class='ocrx_word' id='word_1_76' title='bbox 1318 1750 1542 1822; x_wconf 76' lang='lat' dir='ltr'>alicujus</span> <span class='ocrx_word' id='word_1_77' title='bbox 1568 1768 1676 1800; x_wconf 88' lang='lat' dir='ltr'>esse</span> 
     </span>
     <span class='ocr_line' id='line_1_14' title="bbox 173 1837 1675 1915; baseline -0.004 -21"><span class='ocrx_word' id='word_1_78' title='bbox 173 1842 366 1915; x_wconf 80' lang='lat' dir='ltr'>putavi,</span> <span class='ocrx_word' id='word_1_79' title='bbox 395 1862 620 1894; x_wconf 83' lang='lat' dir='ltr'>seorsum</span> <span class='ocrx_word' id='word_1_80' title='bbox 646 1841 993 1912; x_wconf 81' lang='lat' dir='ltr'>imprimenda</span> <span class='ocrx_word' id='word_1_81' title='bbox 1018 1841 1232 1902; x_wconf 87' lang='lat' dir='ltr'>curabo,</span> <span class='ocrx_word' id='word_1_82' title='bbox 1265 1851 1323 1891; x_wconf 88' lang='lat' dir='ltr'>ut</span> <span class='ocrx_word' id='word_1_83' title='bbox 1352 1839 1403 1899; x_wconf 88' lang='lat' dir='ltr'>ii,</span> <span class='ocrx_word' id='word_1_84' title='bbox 1426 1838 1512 1911; x_wconf 87' lang='lat' dir='ltr'>qui</span> <span class='ocrx_word' id='word_1_85' title='bbox 1542 1837 1675 1908; x_wconf 83' lang='lat' dir='ltr'>prio-</span> 
     </span>
     <span class='ocr_line' id='line_1_15' title="bbox 175 1923 1677 2000; baseline -0.008 -14"><span class='ocrx_word' id='word_1_86' title='bbox 175 1954 282 1986; x_wconf 87' lang='lat' dir='ltr'>rem</span> <span class='ocrx_word' id='word_1_87' title='bbox 309 1931 587 1984; x_wconf 86' lang='lat' dir='ltr'>editionem</span> <span class='ocrx_word' id='word_1_88' title='bbox 620 1929 902 2000; x_wconf 86' lang='lat' dir='ltr'>possident,</span> <span class='ocrx_word' id='word_1_89' title='bbox 944 1946 1096 1999; x_wconf 87' lang='lat' dir='ltr'>quam</span> <span class='ocrx_word' id='word_1_90' title='bbox 1138 1925 1353 1978; x_wconf 85' lang='lat' dir='ltr'>minimo</span> <span class='ocrx_word' id='word_1_91' title='bbox 1394 1923 1558 1996; x_wconf 86' lang='lat' dir='ltr'>pretio</span> <span class='ocrx_word' id='word_1_92' title='bbox 1598 1944 1677 1976; x_wconf 86' lang='lat' dir='ltr'>se-</span> 
     </span>
     <span class='ocr_line' id='line_1_16' title="bbox 174 2012 1675 2089; baseline -0.005 -15"><span class='ocrx_word' id='word_1_93' title='bbox 174 2021 357 2074; x_wconf 82' lang='lat' dir='ltr'>cundae</span> <span class='ocrx_word' id='word_1_94' title='bbox 388 2021 539 2080; x_wconf 87' lang='lat' dir='ltr'>bona,</span> <span class='ocrx_word' id='word_1_95' title='bbox 565 2017 606 2069; x_wconf 91' lang='lat' dir='ltr'>si</span> <span class='ocrx_word' id='word_1_96' title='bbox 633 2037 733 2089; x_wconf 81' lang='lat' dir='ltr'>qua</span> <span class='ocrx_word' id='word_1_97' title='bbox 761 2028 934 2067; x_wconf 82' lang='lat' dir='ltr'>tamen</span> <span class='ocrx_word' id='word_1_98' title='bbox 968 2017 1100 2066; x_wconf 85' lang='lat' dir='ltr'>bona</span> <span class='ocrx_word' id='word_1_99' title='bbox 1124 2013 1316 2076; x_wconf 85' lang='lat' dir='ltr'>insunt,</span> <span class='ocrx_word' id='word_1_100' title='bbox 1345 2012 1441 2065; x_wconf 88' lang='lat' dir='ltr'>sibi</span> <span class='ocrx_word' id='word_1_101' title='bbox 1470 2035 1675 2085; x_wconf 79' lang='lat' dir='ltr'>compa-</span> 
     </span>
     <span class='ocr_line' id='line_1_17' title="bbox 174 2104 1673 2182; baseline -0.005 -18"><span class='ocrx_word' id='word_1_102' title='bbox 174 2131 285 2165; x_wconf 85' lang='lat' dir='ltr'>rare</span> <span class='ocrx_word' id='word_1_103' title='bbox 310 2107 689 2182; x_wconf 76' lang='lat' dir='ltr'>possint.Quod</span> <span class='ocrx_word' id='word_1_104' title='bbox 716 2107 767 2159; x_wconf 90' lang='lat' dir='ltr'>in</span> <span class='ocrx_word' id='word_1_105' title='bbox 795 2109 894 2159; x_wconf 88' lang='lat' dir='ltr'>fine</span> <span class='ocrx_word' id='word_1_106' title='bbox 925 2105 1238 2177; x_wconf 82' lang='lat' dir='ltr'>praefationis</span> <span class='ocrx_word' id='word_1_107' title='bbox 1263 2104 1525 2176; x_wconf 83' lang='lat' dir='ltr'>pollicitus</span> <span class='ocrx_word' id='word_1_108' title='bbox 1540 2125 1673 2168; x_wconf 87' lang='lat' dir='ltr'>sum,</span> 
     </span>
     <span class='ocr_line' id='line_1_18' title="bbox 171 2196 1674 2272; baseline -0.004 -17"><span class='ocrx_word' id='word_1_109' title='bbox 171 2203 260 2256; x_wconf 88' lang='lat' dir='ltr'>sed</span> <span class='ocrx_word' id='word_1_110' title='bbox 292 2214 523 2272; x_wconf 91' lang='lat' dir='ltr'>tempore</span> <span class='ocrx_word' id='word_1_111' title='bbox 552 2219 652 2251; x_wconf 89' lang='lat' dir='ltr'>non</span> <span class='ocrx_word' id='word_1_112' title='bbox 678 2199 983 2270; x_wconf 70' lang='lat' dir='ltr'>praestituto,</span> <span class='ocrx_word' id='word_1_113' title='bbox 1009 2196 1194 2269; x_wconf 85' lang='lat' dir='ltr'>partim</span> <span class='ocrx_word' id='word_1_114' title='bbox 1218 2197 1374 2248; x_wconf 89' lang='lat' dir='ltr'>hodie</span> <span class='ocrx_word' id='word_1_115' title='bbox 1398 2216 1674 2267; x_wconf 83' lang='lat' dir='ltr'>repraesen-</span> 
     </span>
     <span class='ocr_line' id='line_1_19' title="bbox 173 2283 1671 2350; baseline -0.005 -5"><span class='ocrx_word' id='word_1_116' title='bbox 173 2305 280 2346; x_wconf 87' lang='lat' dir='ltr'>tare</span> <span class='ocrx_word' id='word_1_117' title='bbox 323 2289 568 2350; x_wconf 82' lang='lat' dir='ltr'>conabor,</span> <span class='ocrx_word' id='word_1_118' title='bbox 621 2302 677 2340; x_wconf 87' lang='lat' dir='ltr'>ut</span> <span class='ocrx_word' id='word_1_119' title='bbox 718 2287 912 2340; x_wconf 84' lang='lat' dir='ltr'>scilicet</span> <span class='ocrx_word' id='word_1_120' title='bbox 957 2288 1023 2339; x_wconf 90' lang='lat' dir='ltr'>de</span> <span class='ocrx_word' id='word_1_121' title='bbox 1067 2285 1405 2338; x_wconf 86' lang='lat' dir='ltr'>Scenicorum</span> <span class='ocrx_word' id='word_1_122' title='bbox 1452 2283 1671 2338; x_wconf 81' lang='lat' dir='ltr'>Graeciae</span> 
     </span>
     <span class='ocr_line' id='line_1_20' title="bbox 172 2374 1668 2449; baseline -0.006 -13"><span class='ocrx_word' id='word_1_123' title='bbox 172 2383 458 2436; x_wconf 69' lang='lat' dir='ltr'>Poetarum</span> <span class='ocrx_word' id='word_1_124' title='bbox 501 2378 682 2430; x_wconf 85' lang='lat' dir='ltr'>metris</span> <span class='ocrx_word' id='word_1_125' title='bbox 728 2378 970 2449; x_wconf 85' lang='lat' dir='ltr'>quaedam</span> <span class='ocrx_word' id='word_1_126' title='bbox 1025 2374 1327 2428; x_wconf 83' lang='lat' dir='ltr'>disserenda</span> <span class='ocrx_word' id='word_1_127' title='bbox 1377 2375 1668 2447; x_wconf 81' lang='lat' dir='ltr'>suscipiam.</span> 
     </span>
     <span class='ocr_line' id='line_1_21' title="bbox 173 2466 1672 2539; baseline -0.005 -13"><span class='ocrx_word' id='word_1_128' title='bbox 173 2474 289 2527; x_wconf 92' lang='lat' dir='ltr'>Hos</span> <span class='ocrx_word' id='word_1_129' title='bbox 332 2492 450 2523; x_wconf 88' lang='lat' dir='ltr'>vero</span> <span class='ocrx_word' id='word_1_130' title='bbox 490 2469 744 2522; x_wconf 88' lang='lat' dir='ltr'>cancellos</span> <span class='ocrx_word' id='word_1_131' title='bbox 785 2468 912 2520; x_wconf 78' lang='lat' dir='ltr'>mihi</span> <span class='ocrx_word' id='word_1_132' title='bbox 955 2467 1063 2539; x_wconf 86' lang='lat' dir='ltr'>ipse</span> <span class='ocrx_word' id='word_1_133' title='bbox 1105 2466 1463 2530; x_wconf 84' lang='lat' dir='ltr'>circumdabo,</span> <span class='ocrx_word' id='word_1_134' title='bbox 1512 2480 1568 2519; x_wconf 90' lang='lat' dir='ltr'>ut</span> <span class='ocrx_word' id='word_1_135' title='bbox 1608 2486 1672 2518; x_wconf 90' lang='lat' dir='ltr'>ne</span> 
     </span>
     <span class='ocr_line' id='line_1_22' title="bbox 170 2557 1671 2627; baseline -0.007 -12"><span class='ocrx_word' id='word_1_136' title='bbox 170 2573 315 2614; x_wconf 87' lang='lat' dir='ltr'>extra</span> <span class='ocrx_word' id='word_1_137' title='bbox 354 2559 719 2620; x_wconf 83' lang='lat' dir='ltr'>iambicorum,</span> <span class='ocrx_word' id='word_1_138' title='bbox 761 2557 1161 2618; x_wconf 83' lang='lat' dir='ltr'>trochaicorum,</span> <span class='ocrx_word' id='word_1_139' title='bbox 1198 2569 1351 2627; x_wconf 86' lang='lat' dir='ltr'>atque</span> <span class='ocrx_word' id='word_1_140' title='bbox 1380 2565 1671 2626; x_wconf 60' lang='lat' dir='ltr'>anapaestm</span> 
     </span>
     <span class='ocr_line' id='line_1_23' title="bbox 171 2646 1670 2721; baseline -0.003 -21"><span class='ocrx_word' id='word_1_141' title='bbox 171 2669 284 2700; x_wconf 89' lang='lat' dir='ltr'>rum</span> <span class='ocrx_word' id='word_1_142' title='bbox 303 2648 490 2702; x_wconf 87' lang='lat' dir='ltr'>limites</span> <span class='ocrx_word' id='word_1_143' title='bbox 507 2648 761 2721; x_wconf 80' lang='lat' dir='ltr'>egrediar.</span> <span class='ocrx_word' id='word_1_144' title='bbox 830 2648 989 2711; x_wconf 81' lang='lat' dir='ltr'>Quod</span> <span class='ocrx_word' id='word_1_145' title='bbox 1011 2659 1183 2699; x_wconf 85' lang='lat' dir='ltr'>tamen</span> <span class='ocrx_word' id='word_1_146' title='bbox 1208 2648 1501 2717; x_wconf 80' lang='lat' dir='ltr'>priusquam</span> <span class='ocrx_word' id='word_1_147' title='bbox 1521 2646 1670 2707; x_wconf 85' lang='lat' dir='ltr'>facio,</span> 
     </span>
     <span class='ocr_line' id='line_1_24' title="bbox 169 2735 1667 2811; baseline -0.004 -20"><span class='ocrx_word' id='word_1_148' title='bbox 169 2759 332 2810; x_wconf 87' lang='lat' dir='ltr'>pauca</span> <span class='ocrx_word' id='word_1_149' title='bbox 358 2742 615 2810; x_wconf 85' lang='lat' dir='ltr'>quaedam,</span> <span class='ocrx_word' id='word_1_150' title='bbox 643 2760 754 2811; x_wconf 87' lang='lat' dir='ltr'>quae</span> <span class='ocrx_word' id='word_1_151' title='bbox 774 2740 983 2792; x_wconf 87' lang='lat' dir='ltr'>brevius</span> <span class='ocrx_word' id='word_1_152' title='bbox 1002 2739 1130 2800; x_wconf 76' lang='lat' dir='ltr'>dixi,</span> <span class='ocrx_word' id='word_1_153' title='bbox 1155 2738 1325 2809; x_wconf 81' lang='lat' dir='ltr'>paullo</span> <span class='ocrx_word' id='word_1_154' title='bbox 1344 2735 1667 2807; x_wconf 80' lang='lat' dir='ltr'>explicatius,</span> 
     </span>
     <span class='ocr_line' id='line_1_25' title="bbox 168 2829 684 2901; baseline -0.004 -19"><span class='ocrx_word' id='word_1_155' title='bbox 168 2829 209 2882; x_wconf 90' lang='lat' dir='ltr'>si</span> <span class='ocrx_word' id='word_1_156' title='bbox 236 2842 434 2901; x_wconf 86' lang='lat' dir='ltr'>potero,</span> <span class='ocrx_word' id='word_1_157' title='bbox 466 2830 684 2881; x_wconf 79' lang='lat' dir='ltr'>tradam.</span> 
     </span>
    </p>

    <p class='ocr_par' dir='ltr' id='par_1_5' title="bbox 243 2912 1667 2990">
     <span class='ocr_line' id='line_1_26' title="bbox 243 2912 1667 2990; baseline -0.005 -19"><span class='ocrx_word' id='word_1_158' title='bbox 243 2918 340 2990; x_wconf 88' lang='lat' dir='ltr'>(A)</span> <span class='ocrx_word' id='word_1_159' title='bbox 383 2920 428 2971; x_wconf 83' lang='grc' dir='ltr'><em>Α</em></span> <span class='ocrx_word' id='word_1_160' title='bbox 473 2918 820 2971; x_wconf 67' lang='lat' dir='ltr'>vetustioribus</span> <span class='ocrx_word' id='word_1_161' title='bbox 852 2917 1014 2972; x_wconf 82' lang='lat' dir='ltr'><strong><em>MSS.</em></strong></span> <span class='ocrx_word' id='word_1_162' title='bbox 1058 2918 1165 2972; x_wconf 80' lang='lat' dir='ltr'>dixi</span> <span class='ocrx_word' id='word_1_163' title='bbox 1188 2937 1198 2975; x_wconf 90' lang='lat'><em>;</em></span> <span class='ocrx_word' id='word_1_164' title='bbox 1246 2915 1485 2988; x_wconf 82' lang='lat' dir='ltr'>quoniam</span> <span class='ocrx_word' id='word_1_165' title='bbox 1534 2912 1667 2964; x_wconf 81' lang='lat' dir='ltr'>circa</span> 
     </span>
    </p>
   </div>
  </div>
 </body>
</html>
