1891 3230
662 223 980 270 EKABH.

1065 222 1090 269 1
1113 220 1221 269 134.
1625 216 1697 278 ‚69

262 362 315 415 23
340 364 460 425 θῆλυ
488 359 657 423 συνθεῖς
684 361 763 416 [582
790 363 883 415 πᾶἷν
906 361 1074 435 μέμψῃ
1100 364 1240 432 γένος.

244 513 357 548 1166.
393 512 533 559 μέμψκι
578 511 694 549 habet
737 511 910 549 Stobaeus

187 564 325 607 Grossi,
353 564 486 601 melius
515 565 638 616 μέμψῃ
666 572 802 602 ceterae
830 564 911 602 edi-

186 617 323 664 tiones,
352 626 457 655 certe
485 618 648 655 Gesneri
672 617 805 668 prima,
836 630 912 668 qua

185 678 286 709 utor.
337 671 411 709 Sed
430 674 546 722 μέμφῃ
563 672 719 708 dimidia
731 671 810 708 fere
825 684 911 721 pars

184 723 375 770 codicum,
393 725 495 775 quod
509 725 613 763 nullo
629 725 743 762 modo
758 725 911 762 tolerari

182 784 323 828 potest.
381 781 505 816 Recte
531 779 671 816 dicitur
693 777 739 824 μὴ
763 783 911 827 μέμφου,

182 829 230 879 μὴ
265 834 399 884 μέμψῃ,
433 845 510 870 non
549 840 656 870 recte
689 831 829 870 dicitur
863 831 910 878 μὴ

182 887 310 936 μέμφῃ.
373 886 487 923 Levis
516 899 622 923 error
650 885 687 924 in
715 885 911 936 Aristoph-

183 939 262 975 Av.
285 942 400 978 1533.
438 938 548 987 ’Ὑμεῖς
579 939 609 976 δὲ
640 937 686 988 μὴ
715 938 909 985 σπένᾶησΘε,

182 1004 253 1042 pro
272 992 459 1037 σπέιιὲεσθε,
479 1000 519 1030 et
538 993 576 1029 in
599 992 732 1044 Eurip.
756 992 842 1043 Iph.
862 1000 907 1030 A.

186 1047 301 1083 1152·
343 1044 390 1093 pai)
432 1047 557 1095 κάμνῃς
601 1051 712 1093 λέγων,
754 1058 826 1096 pro
862 1044 924 1093 μῆ,

180 1099 306 1149 κάμῃς,
326 1112 457 1138 omnes
476 1099 643 1136 editores
662 1098 773 1148 fugit.
820 1099 909 1137 Jam

181 1154 336 1201 μέμψαι,
354 1165 430 1190 non
446 1160 504 1190 est
519 1152 612 1190 illud
628 1152 780 1204 quidem
800 1165 909 1203 pror-

181 1208 245 1243 s'us
263 1205 463 1253 soloecum,
490 1205 557 1244 sed
576 1206 673 1243 adeo
694 1218 835 1252 rarum,
865 1213 908 1244 ut

179 1259 316 1297 similia
335 1264 385 1297 ex
405 1259 537 1309 paucis
552 1265 701 1297 tantum
716 1259 825 1306 locis,
845 1271 908 1297 ea-

181 1326 256 1363 que
276 1321 319 1351 ut
334 1312 554 1363 singularia,
568 1313 759 1361 enotarint
779 1325 906 1363 gram-

178 1367 323 1405 matici.
381 1366 438 1404 Μὴ
472 1367 597 1412 ψεῦσον
630 1366 909 1418 Thesmophor.

179 1422 269 1461 877.
285 1422 405 1458 citant
422 1420 667 1461 Herodianus
683 1420 857 1458 Piersoni
870 1434 908 1471 p.

178 1477 272 1515 479.
288 1474 441 1519 'Suidas
456 1488 493 1513 v.
514 1478 648 1512 Ψεῦσον.
670 1473 798 1512 Schol.
829 1475 906 1512 Ve-

178 1535 259 1566 net.
275 1527 324 1565 ad
341 1528 454 1566 Iliad.
477 1537 518 1565 Δ.
535 1531 626 1571 4⁴10.
646 1527 727 1575 (ubi
743 1525 788 1576 μὴ
805 1527 904 1575 ἔνθεο)

180 1581 308 1620 Schol.
337 1581 387 1619 ad
413 1581 569 1619 Hecub.
599 1583 691 1620 225.
720 1582 836 1629 (229)
865 1588 904 1619 et

177 1646 227 1672 ex
247 1648 294 1673 eo
314 1634 527 1685 Gregorius
547 1648 585 1685 p.
608 1636 644 1675 7.
699 1631 758 1674 M),
779 1635 904 1682 νόμισον

179 1700 200 1724 e
221 1688 464 1738 Thugenide,
486 1687 644 1738 ignobili
664 1687 826 1733 comico,
849 1688 903 1724 ci-

177 1748 261 1779 tant
284 1742 440 1780 Photius
469 1750 508 1779 ct
528 1741 685 1786 Suidas;
710 1754 732 1778 e
755 1741 902 1792 Sopho-

175 1795 244 1838 elis
286 1795 404 1833 Peleo
433 1795 704 1844 grammaticus
741 1795 905 1845 Sanger-

173 1849 364 1887 nianensis
371 1849 471 1899 apud
484 1849 676 1886 Koe'nium
685 1855 723 1886 et
732 1847 906 1886 Brunck-

175 1903 266 1940 ium.
338 1903 454 1940 Nunc
487 1902 573 1941 vide
601 1910 644 1940 ut
669 1915 775 1939 error
799 1915 904 1940 erro-

174 1970 254 1994 rem
274 1969 408 2007 parere
427 1956 560 1995 soleat.
619 1956 823 1993 Piersonus
853 1956 902 1993 ad

175 2012 332 2055 Moerin,
360 2025 398 2062 p.
421 2013 513 2049 334.
571 2014 595 2030 “
617 2008 675 2050 Μὴ
708 2010 833 2055 ψεῦσον
863 2017 903 2047 et

172 2064 352 2110 similia?
373 2064 439 2110 ait,
461 2068 484 2086 “
499 2063 600 2113 apud
616 2063 902 2113 Aristophanem

174 2128 212 2156 ct
236 2117 444 2171 Sophoclem
464 2124 553 2155 sunt
570 2117 771 2167 plurima.'’
827 2116 902 2155 Ea-

173 2276 282 2314 Illssd·
302 2284 341 2314 Γ.
361 2279 453 2315 415.
483 2273 531 2312 ¹O
551 2273 623 2316 θεὸς
642 2273 696 2321 ἐπὶ
717 2279 899 2327 σμικξοῖσυ

172 2333 208 2367 οὗ
246 2329 473 2381 θερμαῖιετκι,
507 2327 606 2365 Ἀλλ’
638 2331 675 2369 ὣς
708 2327 805 2371 >niem
840 2333 899 2366 τοῦ

169 2382 309 2431 μείζονος
344 2382 449 2420 δεῖται
482 2385 595 2434 πυξὸς.
651 2382 897 2432 Languidum

171 2437 264 2476 illud
292 2440 349 2473 τοῦ
372 2435 635 2474 Valckenaerio
661 2436 825 2480 debetur
849 2437 898 2473 ad

170 2489 332 2541 Hippoi.
354 2491 443 2528 120.
475 2490 611 2527 Codex
627 2489 896 2533 Townleianus

168 2552 289 2589 recte,
330 2541 410 2580 ἀλλ’
441 2545 480 2584 ὡς
515 2542 610 2588 λε’ςης
647 2559 710 2585 τις.
772 2543 895 2580 Resti-

170 2597 355 2636 tuendum
378 2595 478 2642 idem
507 2609 720 2645 pronomen
745 2596 894 2635 duobus

168 2651 396 2696 l'hiloctetae
418 2648 623 2700 Sophoclei
642 2649 748 2687 locis.
788 2649 894 2688 Prior

167 2712 224 2743 est
261 2707 349 2744 196.
407 2703 485 2741 Οὐκ
519 2702 606 2740 ἔστιν
637 2703 720 2744 ὅπως
751 2706 785 2741 οὗ
817 2702 896 2741 θεῶν

167 2762 303 2810 μελέτῃ.
353 2757 418 2796 Sic
437 2756 566 2805 vulgo.
611 2754 737 2794 Aldus
757 2764 796 2794 et
814 2756 894 2807 ple-

167 2812 290 2862 rique,
319 2810 450 2857 cl'edo,
479 2809 600 2847 MSS.
629 2811 686 2846 οὐκ
718 2807 786 2847 ἔσθ’
809 2812 895 2853 ὅπως

169 2867 204 2907 οὗ
232 2864 311 2904 θεῶν
334 2881 392 2902 του
419 2884 456 2913 μ.
484 2862 609 2914 Lege,
640 2864 695 2899 οὐκ
719 2862 785 2900 ἴσθ’
802 2865 839 2905 ὦς
859 2865 894 2901 οὗ

166 2918 247 2974 3⁵³²?
262 2936 319 2958 του
338 2938 379 2968 μ..
438 2917 574 2957 Rarior
595 2916 715 2955 forma
732 2916 768 2955 in
789 2929 894 2963 ‹tom-v

966 511 1052 548 dem
1072 511 1153 550 fere
1174 512 1313 563 repetit
1338 512 1386 550 ad
1408 512 1693 555 Herodianum.

967 566 1022 601 At
1049 578 1140 603 vero
1168 567 1323 604 unicum
1352 567 1464 617 hujus
1496 577 1695 606 construc-

967 617 1078 655 tionis
1099 620 1319 669 exemplum
1344 621 1446 671 apud
1467 620 1694 672 Aristopha-

965 684 1065 716 nem,
1085 673 1240 710 unicum
1260 674 1362 724 apud
1383 674 1614 724 Sophoclem
1633 688 1694 713 re-

965 725 1123 776 peritur.
1180 726 1280 764 Nam
1310 727 1413 778 quod
1443 727 1618 766 Ko'eflius
1644 741 1694 766 ex

967 779 1232 829 Aristophanis
1251 779 1412 831 Lysistr.
1435 783 1549 821 1035.
1568 781 1615 830 ,aii
1635 784 1694 830 φῖ-

966 841 1063 871 >maon
1081 833 1251 883 protulit,
1272 834 1365 871 nihil
1386 842 1459 872 est.
1516 834 1574 872 Ibi
1595 835 1696 874 bene

968 885 1184 925 Brunckius
1201 900 1250 925 ex
1275 888 1383 926 MSS.
1405 888 1555 926 duobus
1574 888 1695 928 edidit

963 937 1009 986 μή
1031 940 1185 991 φιλῆσῃς.
1221 940 1332 978 AliuS
1346 942 1469 979 codex
1486 944 1520 979 οὖ
1533 942 1694 988 φιλήσεις.

965 991 1083 1030 Visne
1093 994 1173 1043 jam
1188 994 1300 1039 scire,
1321 995 1422 1032 unde
1442 995 1542 1032 istud
1559 996 1695 1044 φίλησον

964 1045 1173 1095 prodierit?
1206 1047 1252 1084 In
1267 1048 1428 1086 ,Iuntina
1440 1048 1562 1099 prima
1577 1052 1693 1095 1515,

965 1099 1174 1139 Basileensi
1193 1100 1331 1151 priore,
1351 1101 1504 1140 Veneta
1522 1101 1692 1149 Zanetti,

963 1159 1003 1189 et
1033 1152 1114 1191 aliis
1143 1153 1304 1191 totidem
1337 1154 1456 1193 literis
1488 1155 1616 1194 editur
1643 1155 1692 1206 μὴ

962 1205 1121 1253 φιλῆσης,
1143 1207 1382 1258 eandemque
1397 1207 1602 1247 lectionem
1615 1222 1694 1247 ser-

961 1271 1051 1297 vare
1076 1260 1197 1298 voluit
1223 1261 1261 1298 in
1283 1261 1492 1300 Basileensi
1520 1263 1692 1301 secunda

962 1312 1226 1364 Sigismundus
1246 1314 1444 1353 Gelenius.
1487 1315 1579 1363 Sed,
1599 1316 1691 1354 dum

963 1367 1167 1417 typotheta
1202 1368 1387 1418 syllabam
1424 1368 1579 1407 finalem
1622 1383 1692 1421 per

962 1420 1039 1458 tale
1054 1420 1134 1460 fere
1147 1422 1418 1472 compendium
1431 1425 1479 1471 (s)
1493 1424 1689 1474 exprimit,

962 1474 1066 1524 quod
1111 1492 1146 1516 ης
1188 1475 1355 1513 debebat
1398 1485 1688 1527 reprensentare,

962 1527 1163 1565 character
1182 1529 1280 1566 male
1299 1529 1484 1567 formatus
1503 1530 1691 1580 ejusmodi

959 1588 1031 1626 est,
1064 1589 1107 1618 ut
1138 1594 1239 1625 eum,
1277 1582 1349 1619 nisi
1379 1584 1535 1621 attentis
1568 1584 1690 1621 oculiS

959 1633 1271 1684 inspicias,facile
1283 1649 1353 1686 pro
1366 1636 1512 1674 reflexo
1525 1646 1689 1675 accentu

959 1699 1114 1738 capias;
1144 1702 1230 1739 quae
1260 1696 1350 1728 nota
1370 1703 1457 1727 cum
1479 1697 1518 1728 et
1552 1708 1583 1727 ον
1612 1691 1690 1741 sig-

957 1741 1100 1787 nificet,
1122 1741 1301 1779 AEmilius
1318 1743 1472 1788 Portus,
1486 1745 1591 1794 operi
1607 1757 1689 1782 sus-

960 1802 1085 1845 cepto,
1115 1796 1145 1832 si
1165 1796 1248 1847 quis
1268 1796 1376 1841 alius,
1395 1797 1528 1848 impar,
1550 1802 1688 1843 φίλησον

958 1849 1141 1888 correxit.
1197 1849 1262 1887 Sin
1290 1850 1417 1899 paullo
1447 1851 1596 1888 acutius
1618 1864 1689 1889 vo-

959 1914 1043 1939 cem
1056 1902 1298 1953 inspexisset,
1307 1904 1537 1955 vidissetque
1549 1917 1688 1942 accen-

957 1964 1037 1994 tum
1061 1956 1096 1993 in
1118 1956 1331 2006 penultima
1355 1958 1599 2003 collocatum,
1628 1961 1685 2006 φῖ-

955 2009 1036 2049 λῆσε
1057 2009 1103 2046 ad
1125 2022 1251 2050 veram
1272 2010 1480 2050 lectionem
1501 2011 1686 2050 reducere

956 2062 1154 2114 potuisset.

953 2289 1108 2316 munem
1119 2282 1280 2315 mutata.
1294 2274 1429 2324 Antig.
1443 2278 1531 2314 750.
1550 2276 1684 2316 Ταύτην

954 2328 1029 2367 ποτ’
1060 2332 1116 2365 οὐκ
1155 2327 1222 2366 ἔσθ’
1259 2331 1297 2370 ὼς
1332 2330 1380 2365 ἔτι
1412 2328 1519 2374 ζῶσαν
1551 2333 1683 2375 γαμεῖς.

954 2383 1065 2420 Alter
1085 2383 1192 2420 locus
1212 2395 1303 2419 mox
1325 2382 1492 2420 occurrit
1518 2382 1680 2420 Pliiloct.

953 2439 1043 2474 ⁶203.
1073 2437 1181 2477 Φωτὸς
1211 2437 1397 2485 ξύντξοφος,
1427 2439 1464 2476 ὡς
1489 2441 1679 2484 τειςομίνου.

953 2490 1073 2527 Hunc
1089 2503 1238 2526 versum
1257 2500 1343 2525 cuin
1364 2487 1575 2524 Brunckius
1591 2501 1681 2525 ana-

950 2543 1148 2594 paesticum
1162 2545 1350 2586 crederet,
1361 2541 1680 2590 antistrophicum

950 2597 998 2634 ad
1015 2597 1174 2639 eandem
1192 2599 1376 2632 rationem
1393 2594 1598 2632 emendare
1614 2608 1680 2633 vo-

949 2650 1034 2696 luit,
1081 2650 1119 2692 033
1158 2649 1382 2686 resecando.
1444 2647 1521 2685 Sed
1553 2649 1680 2697 justus

948 2704 1200 2755 anapaesticus
1243 2702 1386 2739 hiatum
1433 2701 1546 2739 istum
1593 2709 1681 2752 post

946 2761 1122 2808 τειρομένου
1168 2769 1243 2793 non
1291 2754 1470 2792 admittit.
1525 2754 1680 2805 Legen-

948 2810 1039 2848 dum
1070 2818 1166 2854 erat,
1202 2811 1377 2858 τειρομένου
1407 2825 1478 2845 του.
1535 2809 1678 2846 Versus

948 2871 1006 2901 est
1042 2871 1221 2901 constans
1256 2875 1277 2899 e
1310 2861 1496 2913 spondeo,
1528 2861 1678 2899 duobus

949 2916 1192 2964 choriambiS,
1212 2924 1251 2955 et
1270 2915 1415 2969 syllaba
1437 2915 1675 2966 catalectica,
