1843 3198
196 208 298 242 XXX
377 206 901 243 SUPPLEMENTUM
935 207 1019 242 AD
1054 208 1544 246 PRAEFATIONEM.

388 366 554 428 Πολιδς
577 365 685 442 α’νῆρ
712 365 914 441 τύραννος
939 366 1198 439 εὖδαιμονὶἷν
1225 368 1331 429 ἴσως
1349 369 1506 445 πάρος.

199 513 496 578 Corrector,
525 528 636 568 tam
665 515 865 570 enormi
894 535 1042 568 versu
1071 516 1314 581 offensus,
1343 516 1545 593 τύραννος
1573 517 1699 569 reci-

195 606 370 658 dendo
397 606 462 658 ad
491 620 656 660 metra
682 627 801 660 eum
830 608 1062 678 redigere
1091 619 1308 660 conatus
1329 623 1423 661 est.
1478 608 1701 679 Aptissi-

194 713 339 746 mum
367 706 540 747 autem
570 708 796 766 tyranno
826 697 904 749 vel
932 697 1196 766 tyrannidi
1223 698 1494 769 epitheton
1523 697 1700 751 ἰσοδαί-

193 808 304 854 μων.
381 784 620 859 AEschyl.
652 787 795 840 Pers.
823 786 949 840 636.
1016 786 1084 839 '’”H
1119 785 1156 861 ῥ’
1182 785 1273 840 α’ΐει
1311 811 1399 858 μου
1434 784 1704 862 μακαρίτας

193 872 437 946 ἰσοδαίμων
462 873 717 935 βασιλεύω
762 872 932 937 Plato,
974 873 1107 945 Rep.
1139 873 1311 927 VIII.
1356 892 1460 926 non
1489 873 1642 944 longe
1669 895 1700 925 a

195 966 315 1028 fine,
343 966 408 1017 de
439 964 696 1036 Euripide
728 964 819 1026 ait,
863 962 960 1016 Καὶ
998 963 1054 1022 ὦς
1085 961 1253 1016 ἷσόθεᾶν
1279 986 1333 1031 γε
1361 963 1440 1025 τήν
1467 961 1703 1037 τυραννίδα

193 1051 492 1125 ἐγκωμιάζει.
561 1053 769 1106 Habuit
795 1055 847 1105 in
874 1053 1052 1105 animo
1080 1051 1272 1105 Troad.
1308 1058 1467 1113 1177.
1532 1052 1704 1124 Γοὲμων

195 1165 243 1194 σε
282 1141 363 1194 καὶ
404 1145 483 1204 τῆς
520 1141 692 1197 ἶσοθὲου
730 1143 994 1217 τυραννίδος.
1078 1142 1256 1195 Notus
1284 1156 1364 1194 est
1389 1143 1700 1216 Ariphronis

196 1233 430 1304 Sicyonii
459 1233 622 1288 Paean
651 1235 789 1307 apud
813 1236 1012 1288 Athen.
1040 1233 1168 1288 XV.
1204 1256 1248 1307 p.
1274 1241 1397 1295 702.
1422 1236 1492 1287 A.
1536 1236 1641 1293 Τοῖς
1659 1228 1706 1286 τ’

196 1323 446 1397 εὐδαίμονος
480 1324 722 1402 οἷνθξῶποις
758 1324 1028 1389 βασιληίδος
1065 1326 1235 1401 οἷρχᾶς.
1316 1326 1408 1380 Sic
1449 1324 1703 1377 editiones

198 1415 519 1480 Casauboni‚
556 1418 642 1490 qui
671 1428 847 1471 tamen
878 1438 940 1470 ex
971 1417 1223 1489 Epitome
1251 1417 1376 1489 legit
1403 1413 1700 1486 ἰσοδαίμονος,

195 1507 335 1579 quod
355 1508 551 1560 habent
573 1507 730 1561 etiam
750 1505 1067 1560 Plutarchus
1089 1507 1155 1560 de
1176 1505 1314 1559 Virt.
1338 1505 1483 1559 Mor.
1505 1525 1552 1577 p.
1571 1508 1700 1559 450.

196 1594 266 1648 Β.
295 1595 362 1648 de
395 1596 537 1649 Frat.
566 1597 753 1650 Amor.
783 1617 831 1668 p.
860 1600 990 1657 479.
1022 1597 1090 1649 A.
1169 1596 1357 1649 Sextus
1396 1594 1701 1666 Empiricus

195 1687 312 1738 adv,
333 1686 602 1740 Mathem.
625 1685 732 1739 XI.
750 1692 840 1746 49.
891 1685 957 1738 In
983 1685 1208 1738 editione
1231 1685 1428 1739 Aldina
1453 1684 1701 1738 Athenaei

196 1788 276 1828 est
321 1774 596 1847 ἷέδοιίμονος,
638 1776 776 1848 quod
828 1775 1145 1846 Typothetae
1199 1772 1402 1828 videtur
1452 1788 1700 1837 erratum,

197 1863 288 1934 qui
318 1864 348 1914 G
375 1864 449 1934 (id
477 1875 556 1917 est
580 1863 655 1933 σο)
683 1884 802 1919 cum
834 1866 864 1916 ἔ
890 1865 1201 1918 confuderit.
1281 1865 1509 1918 Diverso
1550 1885 1699 1917 sensu

196 1953 333 2006 dixit
356 1952 625 2025 ἰσοδαίμονα
653 1953 930 2017 Pindarus,
956 1954 1118 2007 Nem.
1143 1953 1246 2007 IV.
1282 1959 1402 2015 137.

273 2042 546 2095 Hactenus
574 2043 700 2095 haec.
744 2041 907 2095 Nunc
934 2044 1001 2096 ad
1028 2043 1168 2095 aliud
1198 2062 1406 2096 caesurae
1434 2064 1597 2115 genus
1618 2064 1700 2096 ac-

198 2132 449 2195 cedimus,
486 2149 645 2202 quam
675 2132 844 2203 potius
865 2152 1083 2204 pausam
1110 2133 1228 2185 ideo
1256 2132 1524 2186 nominare
1552 2133 1700 2196 libet,

196 2223 440 2295 quoniam
466 2241 636 2273 versus
666 2225 759 2293 qui
788 2243 1095 2275 caesurarum
1118 2243 1276 2294 supra
1297 2235 1698 2275 memoratarum

195 2313 393 2366 nullam
440 2313 649 2374 habeat,
698 2313 984 2365 necessario
1035 2313 1202 2365 minus
1250 2313 1546 2365 modulatus
1590 2326 1700 2377 est3

195 2423 369 2455 versus
398 2422 517 2454 vero
547 2402 634 2474 qui
653 2421 820 2472 pausa
848 2414 1039 2466 careat,
1082 2423 1187 2455 non
1213 2415 1291 2456 est
1317 2405 1565 2458 continuo
1603 2406 1701 2458 im-

195 2494 510 2546 modulatus.
572 2490 659 2543 De
688 2492 921 2544 versibus
949 2493 1007 2545 iis
1035 2492 1234 2565 loquor,
1266 2493 1355 2545 ubi
1382 2494 1590 2566 quintus
1612 2515 1701 2566 pes

194 2581 248 2632 in
276 2583 404 2633 duas
434 2600 584 2633 voces
613 2579 957 2634 distribuitur.
1013 2581 1232 2635 Tirones
1251 2604 1370 2636 vero
1398 2605 1476 2647 ea,
1498 2604 1610 2656 quae
1633 2585 1700 2636 de

195 2669 294 2723 hac
324 2692 375 2723 re
404 2671 636 2723 dicturus
657 2691 789 2734 sum,
811 2691 903 2742 pro
932 2671 1290 2742 supplemento
1318 2673 1581 2745 accipient
1609 2694 1700 2726 no·

196 2772 261 2813 tae
291 2778 421 2813 meae
449 2762 514 2812 ad
545 2760 682 2813 Hec.
706 2764 831 2813 343.
899 2760 1174 2835 Κξύπτοντα
1199 2772 1335 2837 χεῖρα
1361 2760 1442 2815 καὶ
1468 2762 1702 2839 πξόσωπον

195 2846 411 2919 ἔμπαλιν.
474 2847 562 2901 Sic
591 2850 783 2922 primus
813 2861 950 2902 recte
979 2851 1148 2904 edidit
1177 2850 1409 2923 Kingius
1437 2871 1529 2923 pro
1557 2850 1700 2922 τοῦμ-

197 2951 353 2990 παλιν.
410 2937 619 3010 Nempe
648 2941 781 2994 hanc
813 2941 1041 3012 regulam
1074 2941 1380 3014 plerumque
1407 2943 1459 2995 in
1489 2940 1699 2994 senariis
