1891 3230
618 130 1052 181 ΟΡΕΣΤΗΣ.
1132 124 1222 180 65.

282 273 536 337 Μενέλαος,
561 274 756 340 ἀγαγὼν
780 275 1010 348 ‘Effpao'vnv
1043 278 1256 349 Σπάρτης
1284 273 1391 333 οἵπο,

1646 137 1712 185 13

281 349 426 421 ταύτῃ
455 349 619 414 ’γέγηθε
649 351 954 408 κάπιλήθεται
984 353 1149 401 κακῶν.

279 423 442 488 βλέπω
469 422 512 475 δὲ
542 429 696 475 πᾶσαν
727 426 783 482 είς
812 423 921 481 ὁδὸν,
949 423 1044 475 πότ’
1076 421 1262 494 ὄψομαι

280 496 513 549 Μενέλαον
541 496 700 559 ἥκονθ’,
728 499 783 556 ὦς
813 499 874 548 τά
903 497 949 562 γ’
976 496 1095 548 ἄλλ’
1125 498 1187 549 ἐπ’
1217 499 1422 559 ἀσθενοῦς

279 572 428 642 ῥώμης
455 570 687 645 ὀχούμεθ’,
729 569 774 631 ἦν
804 595 844 622 τι
872 571 937 640 μὴ
966 571 1106 623 κείνου
1133 573 1263 642 πάξοο

281 647 498 715 σωθῶμεν·
542 644 703 717 οἵποξον
731 648 901 717 χξῆμοι
928 645 1165 715 δυο-τυχῶν
1195 645 1347 715 δόμος.

827 810 1017 845 ΕΛΕΝΗ.

280 927 314 978 οἷ
338 933 430 979 παῖ
453 929 871 999 Κλυταιμνῆστξοις
902 950 948 978 τε
978 926 1349 998 κάγαμέμνονος,

280 1001 460 1074 ποιξθένε
487 1001 664 1072 μοικξόν
693 1002 742 1060 δὴ
770 1006 914 1071 ‘cair-og
942 1002 1185 1074 Ἠλέκτρα.
1212 1003 1388 1075 χξόνου,

130 1165 348 1203 ductarum.
380 1164 458 1202 Sed
477 1164 552 1202 hoc
572 1177 694 1215 genus
709 1163 891 1210 licentiae,

129 1218 168 1254 in
198 1217 323 1255 verbis
355 1217 505 1255 scilicet
536 1230 614 1255 non
653 1217 891 1267 compositis,

129 1271 259 1321 qualia
276 1270 414 1316 τέκνον,
433 1269 584 1319 πατρὸς,
617 1269 757 1307 ceteris
777 1270 893 1320 longe

128 1323 370 1374 frequentius
385 1331 456 1361 est.
513 1319 653 1360 Rarius
674 1323 797 1359 multo
817 1322 893 1372 syl-

128 1375 216 1414 laba
231 1376 459 1427 producitur
472 1375 512 1412 in
527 1376 645 1413 verbo
660 1375 891 1426 composito,

128 1429 160 1466 si
181 1429 220 1465 in
240 1429 361 1480 ipsam
387 1431 612 1480 juncturam
634 1427 752 1474 cadit,
782 1436 825 1464 ut
854 1427 892 1464 in

128 1480 366 1534 πολύχρυσος
390 1482 514 1519 Andr.
530 1483 566 1518 2.
610 1480 757 1518 Eadem
771 1480 891 1531 parsi-

129 1533 259 1571 monia
295 1534 334 1570 in
369 1534 589 1585 augmentis
629 1533 892 1584 producendis

130 1593 308 1632 utuntur,
340 1595 382 1624 ut
415 1588 452 1623 in
483 1586 693 1625 ἐπέκλωσεν
721 1599 806 1636 sup.
831 1587 890 1625 1⁶2.

129 1639 331 1689 κεκλῆσθαι
355 1639 539 1690 Sophocl.
555 1638 682 1676 Elect.
701 1641 789 1677 366.
812 1637 889 1675 Ra-

129 1691 207 1729 rior
226 1691 355 1730 adhuc
374 1692 532 1730 licentia
551 1700 623 1737 est,
655 1691 719 1728 ubi
739 1704 889 1741 praepo·

126 1744 216 1782 sitio
235 1745 552 1795 verbojungitur,
574 1752 616 1781 ut
636 1744 674 1780 in
694 1742 890 1796 ἀπότροποι

130 1796 265 1835 Phoen.
295 1801 385 1836 595.
430 1796 566 1848 (600.)
627 1795 704 1833 Sed
726 1795 789 1833 ubi
811 1809 894 1834 ver-

130 1849 222 1886 bum
262 1849 301 1886 in
339 1850 496 1888 brevem
533 1848 708 1887 vocalem
737 1848 893 1895 desinit,

129 1914 293 1953 eamque
305 1903 392 1940 duae
404 1909 662 1940 consonantes
675 1901 893 1952 excipiunt,

129 1968 216 2005 quae
236 1956 392 1993 brevem
412 1968 569 1993 manere
594 1954 806 2005 patiantur,
829 1954 894 1992 vix

131 2008 249 2046 credo
282 2008 462 2059 exempla
489 2008 658 2045 indubiae
676 2007 766 2044 fidei
787 2007 893 2045 inve-

129 2060 203 2097 niri
238 2075 364 2112 posse,
402 2062 440 2098 in
479 2061 618 2112 quibus
646 2060 793 2110 syllaba
822 2061 894 2098 ista

129 2113 381 2164 producatur.
416 2111 578 2165 Ineptus
597 2120 711 2159 esset,
728 2113 893 2163 quicun-

130 2179 206 2215 que
226 2167 273 2203 ad
295 2167 414 2205 MSS.
435 2167 472 2203 in
492 2167 559 2204 tali
576 2178 692 2203 causa
706 2178 895 2216 provoca-

131 2226 203 2265 ret,
223 2231 312 2256 cum
327 2219 432 2257 nulla
446 2220 496 2257 sit
510 2232 644 2257 eorum
659 2218 872 2256 auctoritas
885 2234 895 2263 ;

131 2270 171 2307 id
203 2272 327 2309 solum
348 2273 552 2323 deprecor,
582 2285 631 2309 ne
650 2271 736 2322 quis
758 2279 896 2309 contra

132 2323 232 2360 lianc
270 2325 443 2373 regulam
493 2338 629 2363 eorum
671 2324 894 2362 testimonio

131 2377 340 2420 abutatur3
375 2377 493 2415 MSS.
527 2378 629 2415 enim
650 2389 778 2426 neque
797 2377 895 2414 alter

132 2428 244 2466 alteri
258 2431 521 2475 consentiunt,
541 2443 669 2480 neque
686 2429 786 2466 idem
804 2429 893 2467 MS.

130 2481 201 2518 sibi
224 2481 304 2532 ipse
324 2495 394 2532 per
414 2483 543 2519 omnia
563 2489 730 2519 constat.
778 2482 895 2523 Quod

131 2534 163 2571 si
183 2547 243 2580 ea,
257 2548 342 2585 quae
358 2534 563 2585 disputavi,
583 2548 675 2571 vera
689 2542 794 2580 sunt,
814 2535 895 2585 pla-

131 2599 224 2624 num
257 2596 330 2633 est,
368 2587 405 2623 in
436 2586 512 2625 fine
540 2587 645 2624 vocis
677 2587 895 2624 addendam

132 2652 215 2677 esse
234 2638 399 2685 literam,
421 2653 536 2690 quam
556 2639 699 2676 addidi.

183 2695 249 2732 67.
277 2692 414 2730 εἴσοδον
438 2692 529 2729 Ald.
569 2693 733 2729 Versum
748 2704 895 2742 praece-

132 2743 290 2782 dentem
321 2757 506 2796 compara
534 2757 622 2782 cum
655 2745 758 2782 Hec.
805 2747 896 2784 283.

139 2797 275 2849 (279.)

946 1163 1120 1216 ἀγκύρας
1139 1163 1276 1202 dicunt
1297 1165 1441 1214 Graeci,
1470 1175 1514 1206 ut
1533 1168 1570 1206 in
1591 1172 1711 1210 notis-

946 1217 1043 1254 sima
1062 1218 1339 1256 DemostheniS
1354 1221 1562 1264 sententia,
1577 1223 1640 1261 οὐκ
1653 1225 1710 1263 ἐπὶ

945 1270 1011 1318 ἰ’-ἴς
1050 1268 1166 1319 αὐτῆς
1206 1270 1308 1323 ὁρμεῖ
1339 1276 1412 1317 τοῖς
1449 1279 1617 1322 πολλοῖς,
1645 1277 1713 1315 ubi

945 1322 1256 1360 subaudiendum
1276 1323 1446 1379 ἀγκύρας
1460 1335 1594 1366 monet
1609 1329 1711 1367 Har—

945 1376 1160 1426 pocration.
1218 1376 1269 1414 Et
1295 1390 1383 1415 cum
1410 1391 1497 1430 spes
1515 1382 1713 1431 aptissime

945 1441 1017 1478 per
1053 1441 1237 1466 ancoram
1271 1429 1527 1480 significetur,
1574 1434 1711 1473 facilli-

946 1494 1008 1518 ma
1027 1481 1278 1520 translatione
1300 1483 1450 1531 dicunt,
1484 1486 1537 1523 ἐπ’
1565 1487 1712 1533 ἐλπίδος

945 1532 1133 1585 ὀχεῖσθαι,
1154 1534 1256 1572 unde
1277 1535 1315 1572 in
1335 1537 1582 1586 proverbium
1603 1541 1713 1581 abiit.

947 1586 1240 1640 Aristoph3Eq.
1261 1590 1374 1626 1241.
1393 1589 1517 1639 Λεπτή
1532 1606 1587 1636 τις
1603 1593 1713 1639 ἐλπίς

944 1636 1034 1682 ἐστ’,
1066 1637 1119 1688 ἐφ’
1149 1641 1189 1687 ής
1222 1638 1425 1693 ὀχούμεθα.
1481 1643 1588 1682 Idem
1608 1647 1715 1697 apud

948 1691 1081 1728 Athen
1126 1691 1218 1729 XII.
1246 1706 1284 1743 p.
1316 1697 1406 1732 551.
1437 1695 1483 1734 C.
1515 1696 1562 1741 aig
1590 1698 1713 1753 σφόδρ’

947 1744 1002 1781 ἐπὶ
1017 1745 1161 1781 λεπτῶν
1174 1744 1332 1784 ἐλπίδων
1344 1745 1498 1800 ὠχεῖσθ’
1511 1748 1597 1802 ἄρα,
1607 1751 1715 1802 quod

948 1796 1049 1834 male
1066 1796 1104 1833 in
1121 1795 1260 1849 ὀχεῖσθ’
1281 1807 1407 1838 mutat
1427 1801 1649 1842 Brunckius
1665 1805 1713 1844 T.

949 1848 1024 1886 111.
1044 1863 1081 1899 p.
1102 1853 1193 1889 231.
1208 1864 1429 1903 quanquam
1445 1852 1547 1892 idem
1567 1856 1717 1896 fecerat

950 1901 1004 1939 H.
1027 1902 1247 1953 Stephanus
1264 1904 1381 1943 Thes.
1397 1906 1440 1943 T.
1463 1906 1518 1945 II.
1538 1922 1576 1959 p.
1600 1912 1716 1950 1580.

950 1954 1063 1992 Plato
1080 1955 1204 2006 Legg.
1221 1956 1282 1993 III
1308 1971 1346 2008 p.
1362 1961 1452 2005 229,
1465 1964 1529 1998 41.
1545 1962 1608 2000 ed.
1622 1963 1718 2005 Ald.

947 2010 1040 2053 537,
1060 2010 1124 2049 47.
1160 2009 1248 2046 Bas.
1267 2022 1344 2048 sec.
1365 2014 1455 2049 818.
1486 2013 1541 2051 D.
1562 2014 1716 2055 Francf.

948 2062 1038 2099 699.
1072 2060 1118 2098 Β.
1139 2060 1242 2099 HSt.
1262 2066 1354 2101 594.
1383 2064 1428 2102 C.
1449 2064 1579 2117 Lugd.
1598 2067 1657 2107 ἐπί
1679 2069 1715 2107 δὲ

948 2113 1013 2162 τῆς
1035 2112 1179 2158 ἐλπίδος
1200 2113 1394 2167 ὀχούμενοι
1415 2116 1565 2169 ταύτης.
1621 2121 1714 2160 Plu-

949 2164 1074 2204 tarch.
1107 2165 1154 2203 T.
1188 2166 1242 2204 II.
1287 2181 1326 2219 p.
1348 2171 1461 2208 1103.
1492 2177 1535 2210 Ε.
1568 2173 1638 2211 καί
1660 2188 1713 2213 τοι

949 2217 1038 2262 νεώς
1074 2219 1142 2271 μὲν
1190 2220 1355 2259 ἐκπεσών
1395 2222 1623 2272 διαλυθείσης
1661 2225 1715 2266 ἐπ’

949 2270 1093 2315 ἐλπίδος
1115 2270 1260 2324 ὀχεῖται
1281 2271 1390 2321 τινὸς,
1424 2276 1472 2320 οἱς
1490 2279 1545 2328 γῆ
1562 2279 1716 2330 προσέξ-

949 2339 997 2360 ων
1017 2324 1056 2363 τὸ
1076 2325 1191 2363 σῶμα
1211 2326 1272 2363 καὶ
1294 2321 1561 2378 διανηξόμενος.
1617 2333 1715 2374 Quae

947 2375 1091 2414 frustra
1119 2377 1157 2414 in
1187 2391 1319 2417 versus
1348 2380 1525 2431 redigere
1550 2393 1716 2423 conatur

950 2427 1241 2468 Valckenaerius
1256 2432 1423 2470 Diatrib.
1440 2447 1477 2484 p.
1490 2438 1579 2472 240.
1598 2436 1716 2476 Phra-

953 2481 1012 2518 sin
1042 2483 1203 2521 variavit
1232 2484 1392 2530 Noster,
1421 2485 1588 2526 dicendo
1603 2489 1712 2529 0:092-

951 2535 1029 2578 νοῦς
1051 2534 1175 2586 ῥώμης
1189 2550 1260 2587 pro
1276 2537 1421 2581 ἐλπίδος
1439 2541 1588 2588 λεπτῆς,
1612 2544 1715 2593 quod

951 2600 1028 2624 non
1061 2589 1187 2626 minus
1217 2590 1420 2627 commode
1454 2600 1620 2631 metrum
1649 2595 1715 2633 ad-

950 2639 1130 2679 misisset.
1179 2641 1255 2679 Sed
1272 2650 1376 2680 amat
1390 2645 1594 2694 proverbia
1608 2649 1716 2698 paul-

950 2691 1032 2729 lum
1049 2701 1200 2731 mutare
1217 2694 1438 2745 Euripides,
1455 2704 1497 2734 ut
1513 2697 1611 2736 infra
1627 2704 1717 2739 885.

951 2743 1113 2789 ’Λσθεντῖς
1135 2745 1239 2797 ῥώμη
1274 2747 1414 2784 iterum
1443 2751 1615 2789 occurrit
1635 2752 1718 2790 Hc-

953 2797 1086 2835 raclid.
1118 2802 1207 2836 649.
1239 2799 1330 2837 Hel.
1356 2802 1447 2840 285.
1477 2801 1640 2854 Ἄγκυρα.
1679 2805 1716 2855 ὅς’

183 2852 246 2888 68.
275 2853 338 2890 69.
369 2850 486 2903 o‘fpaei‘r
520 2849 599 2888 sive
633 2848 803 2902 ὀχεῖσθαι
844 2850 901 2890 ἐπὶ
953 2865 1023 2901 μοι·
1046 2850 1112 2895 τοὶς
1133 2848 1259 2903 τύχας
1280 2851 1373 2905 ὤχει
1394 2854 1499 2905 μόνη.
