1843 3198
183 216 301 267 XXVi
357 232 882 271 SUPPLEMENTUM
917 237 1000 271 AD
1037 236 1528 274 PRAEFATIONEM.

184 334 360 404 pedeS,
391 333 570 387 tertius
598 343 653 386 et
680 347 914 406 quartus,
951 337 1029 409 vel
1068 338 1301 411 integras
1327 359 1477 393 voces
1506 339 1587 392 vel
1618 359 1703 392 vo-

185 443 304 477 cum
332 435 501 494 partes
524 422 730 476 faciant.

187 553 348 627 Soph.
378 555 660 628 Aj.1091.
704 557 908 610 Μενέλαε
934 557 1003 629 μή
1027 558 1215 629 γνώμας
1241 560 1511 624 ὕποστῆσας
1537 562 1702 626 σοφοῖς.

185 645 369 698 AEsch.
395 638 537 698 Pers.
564 651 689 707 509.
732 645 904 721 Θρῄκην
925 646 1212 724 περάσαντες
1230 652 1367 721 μόγις
1388 652 1552 721 πολλῷ
1571 649 1704 720 πόνῳ.

189 787 429 851 Quorum
456 790 813 862 exemplorum
837 790 888 842 in
914 793 1141 845 secundo
1167 794 1549 864 pronunciandi
1571 796 1707 848 diffi-

188 880 350 932 cultas
384 880 620 932 laborem
657 880 725 932 ab
766 882 999 934 exercitu
1029 883 1236 937 Persico
1276 886 1591 939 exhaustum
1619 906 1713 957 op-

188 972 321 1023 time
349 971 615 1042 exprimit.
684 970 807 1034 Sed,
836 982 894 1024 ut
917 973 1020 1025 hoc
1048 974 1342 1047 aliquando,
1370 975 1469 1028 sibi
1496 975 1711 1046 permit-

187 1072 323 1123 tunt,
364 1061 489 1113 illud
521 1081 789 1141 nunquam
821 1061 921 1114 sibi
943 1063 1278 1134 permittunt,
1321 1076 1378 1117 ut
1413 1065 1569 1136 pedes
1611 1076 1710 1116 ter-

186 1151 287 1204 tius
306 1162 359 1204 et
378 1165 591 1224 quartus
614 1152 796 1204 eadem
824 1171 949 1205 voce
976 1155 1505 1225 comprehendantur.
1586 1155 1710 1207 Hoc

186 1243 227 1295 si
256 1242 363 1294 fieri
391 1253 580 1314 posset,
623 1243 791 1295 omnis
822 1243 1121 1314 rhythmus,
1151 1264 1334 1297 omnes
1365 1265 1431 1296 ni.
1441 1244 1565 1296 meri
1594 1244 1712 1296 fun-

186 1333 326 1386 ditus
352 1344 725 1387 everterentur.
808 1333 926 1386 Imo
956 1332 1178 1398 Comici,
1218 1333 1436 1407 inquies,
1478 1334 1577 1387 hoc
1606 1353 1711 1386 non

187 1444 303 1477 raro
331 1424 547 1478 faciunt.
630 1424 841 1479 Comici
867 1443 988 1477 sane
1014 1422 1284 1476 interdum
1314 1424 1529 1487 faciunt,
1570 1424 1603 1475 ii
1638 1430 1719 1476 ta?

188 1535 306 1567 men
338 1515 508 1586 paullo
537 1515 732 1574 rarius3
761 1515 951 1584 (sexies
980 1529 1033 1566 et
1063 1513 1250 1577 decies,
1280 1514 1374 1567 nisi
1401 1514 1566 1577 fallor,
1590 1513 1713 1567 Ari-

187 1605 472 1675 stophanes
501 1603 553 1655 in
584 1602 743 1658 Pluto
766 1604 803 1672 3)
843 1615 897 1656 at
937 1603 1038 1656 hoc
1078 1602 1244 1674 ipsum
1274 1616 1587 1676 argumento
1616 1613 1712 1667 est,

187 1692 439 1766 Tragicos
467 1713 570 1746 non
601 1693 784 1745 facere.
847 1692 912 1744 In
940 1694 1017 1758 iis,
1048 1715 1162 1768 quae
1191 1695 1300 1748 dixi
1321 1696 1387 1770 ad
1420 1696 1557 1749 Hec.
1583 1700 1710 1756 728.

189 1805 292 1837 non
317 1784 532 1855 quidem
563 1783 743 1845 erravi,
768 1783 856 1835 sed
886 1782 1058 1855 paullo
1087 1794 1263 1835 tamen
1296 1783 1463 1836 minus
1492 1804 1604 1836 sum
1629 1803 1715 1835 ac-

188 1886 371 1926 curate
412 1874 633 1925 locutus,
717 1870 882 1933 Quod
921 1873 993 1924 ibi
1034 1883 1242 1926 tantum
1285 1872 1452 1936 innui,
1494 1873 1583 1926 hic
1624 1873 1715 1926 ali-

189 1976 391 2036 quanto
439 1963 599 2016 fusius
643 1982 908 2037 exsequar.
989 1962 1044 2015 Si
1090 1961 1299 2033 Tragici
1339 1975 1392 2014 et
1433 1959 1614 2036 διίξομαι
1662 1973 1716 2014 et

189 2054 393 2129 ὀδύρομαι
423 2053 535 2125 pari
566 2054 689 2125 jure
717 2053 971 2107 adhibere
999 2065 1228 2124 possent,
1272 2073 1387 2105 eam
1430 2066 1569 2105 certe
1610 2053 1717 2104 for-

192 2166 350 2208 mam,
395 2146 533 2197 unde
574 2144 896 2197 numerosior
925 2165 1096 2197 versus
1135 2144 1403 2207 evaderet,
1446 2143 1717 2215 praelaturi

193 2245 381 2286 essent.
451 2231 657 2285 Eadem
685 2244 941 2303 praeterea
971 2233 1103 2287 ratio
1132 2234 1307 2287 locum
1338 2234 1498 2286 habet
1527 2233 1578 2286 in
1610 2253 1718 2287 ver-

193 2321 274 2374 bis
302 2320 545 2397 thbg‘yvupu
573 2332 626 2372 et
650 2318 886 2394 μὸργνυμι.
965 2322 1240 2394 Aristoph.
1272 2322 1517 2376 Acharn.
1544 2321 1673 2383 706.

392 2460 555 2515 ”Ωο·τ’
578 2458 671 2528 ἐγῶ
695 2458 777 2532 μὲν
803 2459 979 2524 ἧλέησοι
1006 2463 1371 2541 κοὶπομορξοέμην
1396 2463 1510 2518 ἰδών.

197 2605 315 2658 Aut
355 2616 697 2675 augmentum
739 2606 1003 2670 omissum,
1047 2619 1141 2660 aut
1180 2610 1442 2680 spondeus
1480 2610 1533 2661 in
1574 2607 1719 2680 quin-

200 2706 310 2746 tum
352 2693 520 2746 locum
563 2693 842 2746 admissus.
921 2693 1009 2748 Sic
1053 2708 1237 2749 tamen
1279 2696 1477 2748 habent
1522 2714 1719 2757 omnes,

199 2783 399 2854 opinor,
428 2783 700 2847 editiones,
735 2796 788 2836 et
813 2783 1004 2836 Suidas
1034 2806 1078 2835 v.
1107 2784 1268 2839 ”Ωο·τ’
1295 2784 1387 2852 ἐγῶ
1410 2783 1506 2855 μέν.
1576 2782 1721 2836 Kus-

201 2881 360 2935 terus,
383 2871 470 2943 qui
493 2872 760 2944 vulgatam
790 2871 841 2924 in
868 2883 1016 2924 textu
1045 2892 1139 2925 suo
1162 2876 1472 2946 scripturam
1499 2873 1720 2945 reliquit,

201 2960 252 3012 in
285 2970 509 3014 tractatu
531 2973 708 3014 tamen
734 2961 800 3013 de
821 2958 1015 3015 Verbis
1038 2962 1221 3016 mediis
1247 2975 1382 3018 recte
1403 2962 1581 3017 scribit
1603 2961 1722 3015 οἷπε-
