1891 3230
281 229 800 266 SUPPLEMENTUM
837 228 919 264 AD
955 228 1438 264 PRAEFATIONEM.
1533 211 1615 267 xix

115 332 207 383 sed
260 351 517 402 nusquam
571 350 665 401 pro
718 329 1017 403 Euripideis
1057 331 1232 393 citata,
1262 328 1471 406 Ἀκαιρος
1509 329 1617 382 εὔνοι’

114 417 228 472 οὐδὲν
255 416 417 492 ’ἔχθρας
437 416 643 493 διαφέρει.
711 420 784 472 Et
807 431 1046 491 poterant
1068 442 1176 474 esse
1199 422 1353 473 verba
1377 421 1612 473 Phaedrae

114 509 178 559 ad
209 508 464 559 nutricem
490 527 503 566 ;
530 507 839 560 Scholiastes
865 509 1003 560 enim
1030 509 1095 561 ad
1129 508 1474 579 Hippolytum
1505 510 1611 568 ait3

113 594 194 649 nai
221 594 340 649 ἔστιν
367 595 500 667 ὅμοιἀ.
526 598 583 667 τῇ
609 596 850 669 παροιμίᾳ,
881 595 1017 649 Εὕνοι’
1042 595 1228 668 ἄκαιρος
1252 594 1364 649 οὐδὲν
1383 596 1609 648 διαλλάσ-

112 709 180 738 σει
206 684 386 763 ἔχθρας.
464 686 566 739 Sed
599 689 951 758 cujuscunque
976 698 1070 747 est,
1103 698 1243 737 certe
1266 705 1432 757 neque
1458 686 1612 738 Euri-

114 775 245 845 pidis
291 790 384 837 est,
432 795 598 847 neque
640 775 846 846 Tragici
890 776 1210 845 cujusquam.
1293 772 1444 825 Alter
1471 773 1611 825 locus

115 862 402 934 Euripidis,
428 865 562 917 inter
591 865 882 936 fragmenta
903 885 932 916 a
958 863 1206 915 Barnesio
1228 875 1280 914 et
1303 862 1609 932 Musgravio

112 954 411 1016 collocatus,
452 965 620 1006 exstat
658 956 795 1025 apud
831 955 1119 1014 Stobaeum,
1162 951 1375 1005 CXVI.
1406 972 1453 1022 p.
1483 956 1609 1013 477.

115 1053 275 1118 Τηρεῖν
310 1043 391 1113 μὲν
428 1045 595 1119 ἔτὲρους
631 1045 672 1097 οἶ
708 1044 907 1118 ’γέροντες
945 1040 1185 1111 δυνάμεθα,
1226 1041 1384 1112 Ἡμεῖς
1420 1040 1459 1093 δ’
1495 1041 1613 1096 αἶπο-

111 1131 265 1184 λαύειν
301 1132 357 1185 ὧν
395 1130 590 1199 ἔχουσιν,
629 1133 669 1184 οἷ
694 1133 788 1185 νέοι.
868 1130 1002 1192 Quis
1031 1150 1151 1182 vero
1193 1132 1372 1192 nescit,
1413 1135 1613 1205 quoties

113 1241 291 1292 margo
332 1220 527 1274 Stobaei
562 1221 611 1273 in
652 1222 944 1274 nominibus
972 1221 1144 1273 erret?
1225 1220 1338 1272 Aut
1365 1223 1474 1294 quis
1503 1225 1613 1277 haec

112 1331 219 1364 esse
243 1310 446 1365 Comici
474 1310 747 1381 cujusdam
771 1311 928 1364 verba
949 1312 1194 1364 dubitet?
1248 1310 1440 1365 Versus
1459 1315 1611 1379 solus,

112 1423 264 1475 quem
306 1404 357 1455 in
404 1402 589 1455 fabulis
629 1401 840 1473 integris
880 1421 1139 1472 superesse
1181 1404 1352 1464 credo,
1395 1406 1616 1459 occurrit

114 1492 233 1563 Iph.
259 1493 327 1544 A.
355 1491 513 1546 1632.
557 1491 654 1566 Χρὴ
673 1490 717 1544 δέ
734 1515 802 1555 σε,
823 1491 1058 1545 λαζοῧσαν
1075 1489 1194 1544 τῦνὸε
1216 1489 1396 1562 μόσχον
1418 1495 1611 1561 νεαγενῆ.

115 1581 429 1653 Quanquam
467 1583 694 1652 spurium
734 1602 840 1634 esse
882 1582 1019 1633 hunc
1060 1600 1260 1633 versum
1305 1584 1478 1647 credo,
1507 1606 1610 1638 non

116 1684 287 1724 tamen
328 1672 392 1723 de
433 1670 801 1742 interpolatore
842 1671 951 1742 ipso
991 1670 1120 1722 adeo
1162 1670 1292 1722 male
1330 1691 1530 1733 censeo,
1562 1688 1617 1727 ut

115 1774 290 1831 putem
320 1779 438 1812 eum
469 1761 539 1811 ita
578 1761 850 1831 scripsisse.
935 1757 1247 1830 Legendum
1276 1759 1428 1827 εὐγενῆ
1453 1766 1615 1835 quivis

114 1851 316 1902 viderit.
399 1848 576 1901 Nemo
602 1861 781 1901 autem
809 1870 838 1900 a
861 1869 943 1901 me
968 1850 1266 1920 postulabit,
1293 1864 1350 1903 ut
1374 1855 1617 1907 emenda-

115 1940 278 1992 tiones
306 1939 552 1991 Virorum
583 1939 879 2000 doctorum‚
907 1957 1028 2010 quae
1058 1939 1180 1992 huic
1214 1941 1405 2011 regulae
1433 1945 1615 1998 adver-

113 2045 315 2093 santur,
345 2030 603 2089 refellam3
645 2030 765 2081 satis
793 2031 929 2082 enim
960 2049 1219 2103 superque
1247 2051 1298 2083 se
1326 2034 1445 2103 ipsae
1476 2037 1618 2088 refel-

113 2122 247 2175 lunt.
324 2129 358 2152 ‘⁶
387 2108 490 2174 Sed
521 2119 724 2173 Comici
761 2121 895 2172 hanc
924 2120 1158 2192 regulam
1199 2120 1474 2191 saepissime
1515 2125 1618 2177 vio-

115 2209 275 2263 lan'tff’
349 2209 534 2264 Certe.
614 2209 793 2281 Atque
821 2210 932 2263 haec
958 2210 1066 2281 ipsa
1096 2230 1172 2262 res·
1199 2231 1312 2262 eam
1335 2232 1364 2263 a
1385 2212 1619 2285 Tragicis

115 2302 299 2353 servari
343 2299 608 2371 probabile
651 2300 838 2353 reddit.
918 2299 1020 2351 Sed
1066 2300 1131 2351 de
1178 2298 1518 2371 Tragicorum
1568 2318 1621 2355 et

118 2387 455 2443 Comicorum
503 2407 751 2442 versuum
793 2388 1089 2441 discrimine
1133 2389 1281 2459 plura
1321 2408 1439 2442 sum
1490 2391 1619 2444 infra

115 2481 372 2532 dicturus.
451 2478 615 2540 Quod
639 2479 675 2530 si
700 2479 992 2550 dactylum,
1016 2478 1111 2549 qui
1132 2477 1184 2530 in
1207 2478 1374 2549 prima
1397 2493 1447 2530 et
1470 2481 1620 2532 tertia

115 2569 235 2621 sede
263 2586 368 2620 non
409 2568 705 2640 infrequens
746 2578 842 2632 est,
885 2567 1074 2640 quinta
1115 2586 1316 2637 semper
1356 2566 1620 2622 exclusere

113 2657 341 2730 Tragici,
369 2657 409 2709 si
435 2658 588 2709 etiam
617 2669 937 2728 anapaestum
968 2657 1018 2708 in
1047 2655 1197 2707 tertia
1225 2656 1344 2706 sede
1372 2654 1619 2721 vitarunt,

116 2767 436 2821 consequens
475 2766 581 2799 esse
623 2748 894 2818 putabam,
937 2760 996 2799 ut
1036 2756 1327 2815 anapaestus
1366 2763 1394 2795 e
1434 2745 1620 2817 quinta

116 2859 319 2910 semper
350 2839 559 2892 exulare
599 2838 832 2890 deberet.
913 2834 1200 2888 Potueram
1243 2833 1423 2885 eadem
1465 2853 1619 2906 opera

118 2927 231 2980 loca
270 2929 443 2982 omnia
482 2928 723 2999 colligere
769 2941 821 2980 et
867 2925 1158 2979 examinare
1180 2944 1195 2986 3
1248 2925 1338 2978 sed
1380 2924 1616 2979 brevitati

822 3037 850 3068 c
877 3021 909 3067 2
