1891 3230
185 515 447 559 CODICUM
475 521 669 571 INDEX,
700 527 861 576 QUOS,
894 531 1008 570 AUT
1037 534 1110 573 AB
1138 537 1280 578 ALIIS
1312 542 1429 581 AUT
1458 547 1490 582 A
1522 547 1603 586 ME

285 598 605 653 INSPECTOS,
636 609 716 647 AD
749 610 905 651 HANC
939 615 1207 659 FABULAM
1241 623 1497 666 ADHIBUI.

136 731 187 771 A.
219 733 310 774 MS.
341 736 431 777 Par.
463 742 584 782 2712.
619 757 705 796 quae
737 756 826 787 sunt
860 750 1046 790 Brunckii
1076 758 1324 808 membranae,
1357 775 1380 800 e
1409 764 1650 818 Musgravio‚

187 801 328 842 deinde
345 805 568 858 diligentius
585 824 608 849 a
628 813 841 864 Brunckio,
869 820 1048 860 collatus.

135 867 240 921 Aug.
265 876 300 910 1.
323 876 362 913 2.
385 879 420 915 3.
456 880 673 931 Augustani
694 890 771 922 tres
790 885 893 936 apud
913 887 1198 932 Hermannum.
1237 896 1374 939 Quarti
1392 899 1650 952 fragmentum

190 943 364 982 continet
383 954 531 987 tantum
553 952 600 991 17
620 965 763 999 versus,
787 957 1069 1000 1261—1277.

136 1007 184 1046 B.
217 1011 341 1050 Variae
360 1014 546 1056 lectiones
566 1032 588 1056 e
607 1020 697 1060 MS.
715 1030 859 1062 notatae
877 1025 917 1063 in
934 1028 1066 1067 Aldini
1090 1036 1322 1086 exemplaris
1338 1041 1524 1092 margine,
1545 1047 1648 1096 quod

187 1091 339 1118 mecum
360 1087 658 1128 communicavit
676 1078 733 1128 v'ir
750 1080 996 1136 doctissimus
1013 1106 1054 1137 et
1076 1101 1338 1152 amicissimus,
1371 1108 1532 1149 Carolus
1552 1112 1650 1152 Bur·

186 1148 296 1187 neius
308 1152 455 1201 junior.

133 1217 180 1256 C.
209 1217 301 1258 MS.
334 1221 496 1274 collegii
518 1223 700 1279 Corporis
721 1229 865 1270 Christi
891 1234 994 1285 apud
1018 1237 1371 1291 Cantabrigienses,
1401 1249 1511 1298 cujus
1539 1262 1651 1291 usum

185 1287 277 1324 mihi
297 1289 568 1332 humanissime
587 1309 814 1338 concessere
835 1301 1001 1354 Collegii
1020 1307 1102 1356 ejus
1123 1307 1314 1359 Magister
1334 1319 1373 1350 et
1394 1315 1515 1356 Socii.

134 1353 250 1394 Cant.
272 1357 525 1400 Bibliothecae
541 1365 704 1415 publicae
724 1369 1065 1423 Cantabrigiensis,
1087 1385 1242 1417 notatus
1263 1381 1364 1420 Mm.
1384 1387 1419 1422 1.
1445 1388 1510 1424 11.

133 1423 242 1462 Cott.
272 1426 469 1481 Excerpta
498 1445 520 1470 e
550 1433 638 1471 MS.
670 1437 835 1486 quodam
865 1440 1114 1491 Cottoniano,
1144 1447 1389 1491 Barnesianae
1417 1455 1582 1506 margini
1610 1456 1649 1494 in

185 1494 428 1536 Bibliotheca
448 1501 660 1542 Bodleiana
676 1505 884 1558 adscripta.

133 1561 182 1600 E.
213 1564 464 1605 Bibliothecae
484 1571 648 1620 publicae
670 1574 1010 1628 Cantabrigiensis‚
1033 1590 1187 1622 notatus
1209 1586 1290 1625 Nn.
1313 1592 1352 1628 3.
1378 1593 1441 1630 13.

132 1631 178 1671 F.
208 1633 482 1686 Fragmentum
505 1640 681 1680 Hecubae
707 1644 745 1681 in
767 1646 903 1685 eodem
924 1650 1132 1700 volumine,
1162 1667 1185 1692 a
1204 1669 1316 1695 versu
1342 1659 1422 1700 712
1446 1661 1496 1700 ad
1518 1662 1648 1712 finem,

185 1714 273 1740 cum
296 1704 339 1742 E.
361 1706 587 1759 plerumque
607 1713 865 1753 consentiens.

130 1769 185 1808 G.
215 1771 452 1821 parisiensis,
482 1779 592 1828 cujus
611 1779 798 1820 lectiones
818 1784 1002 1834 quasdam
1022 1790 1193 1828 enotavit
1213 1791 1360 1831 amicus
1378 1785 1501 1834 meus.

131 1835 187 1874 H.
220 1837 313 1878 MS.
334 1841 567 1884 Harleianus
588 1850 710 1890 5725.
731 1854 770 1889 in
792 1852 933 1892 Museo
955 1857 1195 1899 Britannico.

127 1905 167 1944 J.
196 1906 428 1949 Harleianus
446 1916 564 1953 6300.
585 1916 740 1958 ibidem.

130 1974 181 2011 K.
211 1976 345 2027 Regiae
366 1980 568 2022 societatis
590 1987 716 2025 codex
734 1992 940 2039 recentior,
963 1994 1107 2047 Kingio
1128 1997 1296 2049 optimus
1316 2008 1487 2041 vocatus.

129 2044 176 2083 L.
205 2047 294 2086 MS.
317 2050 547 2111 Ayscough.
569 2057 689 2094 4952.
712 2056 748 2094 in
771 2058 912 2099 Museo
933 2062 1170 2104 Britannico.

130 2113 190 2151 M.
214 2114 264 2154 N.
285 2116 362 2156 duo
378 2121 558 2172 exempla
572 2121 610 2159 in
627 2124 763 2162 eodem
779 2127 975 2168 volumine
992 2133 1245 2175 Bibliothecae
1259 2139 1425 2189 publicae
1442 2141 1646 2182 Cantabri-

181 2182 334 2233 giensis,
366 2195 499 2227 notato
520 2189 601 2228 Nn.
624 2195 661 2230 3.
685 2196 747 2232 14.

133 2251 259 2304 Mosq.
282 2257 316 2293 1.
338 2258 373 2292 2.
395 2260 431 2295 3.
452 2262 490 2296 4.
515 2259 633 2299 MSS.
655 2271 820 2313 quatuor
836 2266 1093 2320 M'osquenses
1108 2272 1210 2325 apud
1229 2276 1428 2318 Beckium.

131 2318 177 2357 P.
202 2321 261 2358 vel
288 2323 375 2361 Lib.
405 2325 449 2363 P.
475 2327 572 2366 liber
598 2330 802 2380 impressus
830 2335 865 2371 in
895 2337 1134 2379 Bibliotheca
1162 2343 1379 2395 Pan-islensi,
1410 2362 1496 2387 cum
1521 2351 1643 2391 MSS.

183 2387 356 2436 collatus,
386 2393 489 2432 unde
509 2397 630 2436 varias
649 2400 835 2442 lectiones
856 2409 1059 2460 exscripsit
1083 2412 1341 2466 Musgravius.

131 2455 180 2492 R.
207 2456 318 2495 Alter
338 2459 470 2511 Regiae
493 2463 697 2507 Societatis
716 2472 858 2512 codex.

128 2591 180 2631 N.
197 2593 240 2631 B.
273 2595 466 2637 Numerus
482 2599 519 2638 in
536 2615 684 2644 summo
697 2609 861 2660 paginae,
881 2615 945 2664 qui
965 2616 1119 2656 titulum
1134 2622 1322 2674 sequitur,
1342 2625 1486 2666 indicat
1502 2636 1643 2681 quotus

275 2663 324 2702 sit
343 2665 379 2703 in
402 2667 675 2721 Musgraviana
696 2677 863 2718 editione
883 2683 1028 2733 primus
1048 2686 1154 2726 istius
1174 2693 1324 2742 paginae
1343 2707 1488 2736 versus.
