1891 3230
756 252 1101 289 PRAEFATIO.
1628 230 1678 282 iii

251 355 316 409 In
349 354 591 416 Hecuba,
622 365 678 406 ut
706 373 735 405 a
763 373 845 406 me
874 354 1011 406 edita
1041 363 1138 416 est,
1174 369 1336 423 neque
1364 351 1537 403 omissi
1566 371 1678 404 ver-

177 446 363 498 borum
393 443 682 516 augmenti,
713 464 876 516 neque
904 442 1113 496 admissi
1141 441 1191 494 in
1224 440 1431 513 paribus
1452 442 1679 495 senario-

175 554 288 586 rum
337 535 465 587 locis
510 535 781 605 anapaesti,
829 534 1125 604 exemplum
1171 532 1416 584 occurrit.
1498 531 1679 586 Locus

174 624 376 687 unicus,
405 623 492 696 qui
519 623 675 696 priori
704 623 933 677 licentiae
961 623 1012 675 in
1045 624 1146 675 boc
1169 622 1403 674 dramate
1425 621 1582 681 favet,
1609 622 1678 675 ab

172 713 283 786 ipso
304 712 594 776 Brunckio,
612 713 861 765 acerrimo
883 712 1006 764 alias
1026 711 1187 782 hujus
1206 711 1432 764 lieentiae
1456 710 1680 775 vindice,

172 803 480 856 emendatus
508 815 600 855 est.
659 802 753 866 Et,
780 823 898 855 cum
923 801 1176 854 rarissima
1198 802 1412 853 omnino
1435 798 1540 852 sint
1557 800 1680 852 talia

171 892 431 964 exempla,
480 913 702 965 quorum
755 893 853 945 tria
897 892 949 944 in
997 892 1244 954 BacchiS,
1291 890 1681 960 corruptissima

173 1003 304 1055 pene
330 984 569 1036 omnium
597 983 791 1045 fabula,
821 981 1159 1053 reperiantur,
1194 981 1344 1052 plane
1375 1000 1680 1051 persuasum

173 1073 362 1135 habeo,
388 1091 488 1123 non
519 1071 718 1124 licuisse
750 1071 803 1126 in
832 1070 1016 1124 Attico
1056 1090 1294 1123 sermone
1333 1083 1680 1142 augmentum

171 1161 417 1233 abjicere.
460 1159 565 1231 (D)

246 1250 433 1303 Altera
459 1251 696 1323 quaestiO,
723 1251 868 1323 quod
904 1251 970 1303 ad
1004 1249 1284 1303 Hecubam
1328 1250 1534 1312 attinet,
1577 1269 1680 1302 non

173 1341 346 1393 minus
389 1340 564 1394 faciles
605 1340 896 1412 explicatus
934 1341 1112 1394 habet.
1194 1339 1258 1393 ln
1308 1352 1492 1393 neutro
1541 1338 1679 1390 enim

171 1432 398 1483 duorum
428 1429 806 1501 exemplorum,
848 1430 937 1482 ubi
977 1438 1300 1501 anapaestum
1342 1428 1552 1482 admisit
1591 1440 1683 1480 aut

173 1518 385 1571 retinuit
429 1517 752 1579 Brunckins,
793 1538 973 1570 omnes
1001 1518 1334 1571 consentiunt
1362 1515 1530 1572 MSS.
1611 1517 1679 1572 In

171 1608 354 1672 altero,
375 1627 422 1659 v,
442 1613 565 1667 782.
593 1606 746 1659 lectio
768 1607 883 1679 ejus
907 1626 1013 1660 uno
1036 1618 1242 1660 tantum
1266 1607 1450 1661 codice
1474 1607 1676 1661 nititur.

171 1698 237 1751 In
265 1698 445 1761 alteru,
472 1703 599 1751 381.
632 1696 856 1769 (τοῦνομα
881 1716 971 1768 pro
997 1696 1159 1768 ὄνομα)
1193 1698 1314 1750 satis
1354 1696 1679 1751 auctoritatis

171 1808 263 1860 pro
290 1786 430 1858 ὄνομα
454 1797 578 1849 stat,
607 1787 649 1838 si
676 1786 960 1839 auctoritas
987 1787 1039 1839 in
1083 1808 1134 1840 re
1176 1787 1377 1841 tantilla
1415 1788 1680 1851 desideraq

171 1890 332 1931 retur.
374 1876 473 1950 (E)

249 1967 575 2029 Brunckius,
617 1966 704 2038 qui
739 1978 1032 2037 anapaestos
1072 1967 1123 2018 in
1153 1968 1382 2019 secundo
1409 1980 1459 2019 et
1488 1980 1677 2038 quarto

169 2059 355 2111 senarii
396 2058 510 2112 loco
555 2057 780 2109 subinde
821 2057 1075 2119 defendit,
1117 2058 1311 2110 fatetur
1345 2067 1517 2109 tamen
1546 2056 1677 2109 Tra-

169 2148 312 2220 gicos
353 2148 490 2200 banc
538 2146 822 2209 licentiam,
866 2160 1118 2219 quantum
1162 2161 1424 2220 poterant,
1472 2148 1677 2203 vitasse.

171 2236 376 2298 Quidni
411 2236 571 2308 igitur
614 2255 822 2308 semper
867 2237 1113 2290 vitarint?
1194 2238 1281 2290 An
1320 2238 1583 2300 volebant,
1624 2252 1678 2289 et

171 2340 344 2378 tamen
391 2327 722 2400 nequibant?
802 2327 889 2378 An
938 2347 1056 2379 casu
1112 2339 1162 2380 et
1214 2326 1409 2379 incuria
1452 2349 1537 2381 eos
1585 2330 1676 2382 has

170 2416 396 2468 maculas
425 2418 618 2469 fudisse
645 2417 1020 2469 arbitrabimur
1043 2419 1064 2470 ἓ
1141 2418 1301 2469 Adde
1329 2421 1467 2489 quod
1505 2419 1672 2474 MSS.

168 2507 496 2570 auctoritate,
524 2496 831 2580 scriptorum
856 2508 1209 2570 citationibus,
1237 2522 1289 2561 et
1312 2508 1499 2561 criticis
1521 2529 1675 2582 argu-

168 2598 379 2661 mentis,
413 2600 790 2671 exemplorum,
827 2620 939 2673 quac
980 2600 1032 2654 in
1076 2601 1213 2652 hanc
1246 2613 1447 2671 partem
1477 2601 1675 2656 laudari

170 2691 426 2753 solebant,
457 2711 699 2743 numerus
719 2693 830 2762 jam
863 2692 1010 2744 valde
1040 2691 1344 2743 imminutus
1372 2704 1467 2743 est.

243 2780 419 2833 Aliam
450 2780 554 2850 ipse
584 2780 834 2832 rationem
865 2781 1072 2854 adjicio,
1102 2799 1220 2853 quae
1243 2779 1283 2832 si
1311 2801 1427 2832 vera
1447 2794 1541 2844 est,
1564 2803 1671 2835 om-

168 2889 276 2933 nes,
305 2870 503 2941 opinor,
533 2883 855 2942 anapaestum
887 2872 1095 2945 paribus
1115 2871 1298 2923 senarii
1321 2871 1448 2924 locis
1468 2892 1672 2944 semper

167 2960 553 3014 excludendum
572 2980 680 3014 esse
706 2962 838 3016 ultro
859 2974 1165 3032 agnoscent.
1219 2962 1373 3016 Hanc
1399 2963 1670 3026 rationem,

871 3072 900 3102 a
929 3058 959 3104 2
