1891 3230
506 126 1026 187 ΦΟΙΝΙΣΣΑΙ.

1109 114 1267 171 1386.
1601 117 1672 172 75

97 310 171 345 KP.
198 293 277 347 καὶ
305 292 390 348 πῶς
420 283 574 352 γένοιτ’
605 278 659 332 ἂν
687 274 812 330 τοῖνδε
842 267 1194 338 δυσποτμώτεξοι
1211 290 1226 324 3

94 383 176 418 ΑΓ.
205 363 368 425 τέθνηκ’
392 356 570 422 ἀδελφὴ
599 353 670 412 σὴ,
701 351 813 403 δυοῖν
840 344 1013 398 παίδων
1039 339 1180 413 μέτα..

244 452 326 488 ΧΟ-
356 433 564 499 ἀνάγετ’,
593 430 790 493 ἀνάγετε
817 416 1026 474 κωκυτὸν,

169 517 239 569 ἐπὶ
267 512 422 585 agdi-02
449 531 496 559 τε
526 503 825 569 λευκοπήχεις
853 491 1045 548 κτύπους
1073 491 1238 558 χεροῖν.

1573 490 1676 532 1370

96 605 172 640 ΚΡ.
198 590 233 641 οῗ
251 591 438 655 τλῆμον,
467 579 550 633 οἷον
578 573 762 647 τὲξμον’,
799 569 1030 623 Ἰοκάστη,
1057 561 1182 626 βίου,
1220 583 1310 601 ‹

171 666 333 733 γάμων
360 682 407 710 τε
436 658 513 709 τῶν
541 655 635 709 σ’ὦν,
662 642 874 713 Σφιγγὸς
901 633 1139 707 αἰνιγμοὺς
1167 631 1318 692 ἔτλης,

171 741 257 797 πῶς
285 734 363 787 καὶ
391 730 649 801 πέπρακται
680 718 905 789 διπτύχων
932 711 1096 765 παίδων
1117 707 1261 775 φόνος,

97 908 147 946 τοὶ
166 905 268 960 ’παρὰ
288 905 360 946 τοῖς
377 897 526 940 &smmi
541 894 578 948 γ’
601 890 724 941 εἰδείης
745 884 859 927 κακά.

98 961 313 1000 Barbarum
350 961 410 993 est
440 949 576 999 εἶδοίης,
616 943 721 997 quod
753 948 792 980 et
822 939 861 977 in

99 1014 247 1051 Nostro
274 1009 393 1046 habet
424 1005 476 1042 D.
494 999 619 1040 Attici
651 997 754 1036 enim
783 1005 862 1031 non

96 1066 244 1103 habent
269 1060 349 1099 εἴδω
370 1055 635 1099 indicativum,
667 1049 736 1087 sed
754 1053 864 1097 opta-

98 1118 220 1156 tivum
257 1122 295 1152 et
338 1107 626 1161 subjunctivum
668 1099 777 1152 quasi
812 1098 860 1135 ab

99 1170 216 1221 εἴδημι
236 1167 417 1204 formant.
464 1160 648 1198 Ceterum
667 1160 774 1191 recte
794 1150 861 1187 ob-

98 1228 226 1260 servat
236 1219 484 1256 Hermannus
492 1211 540 1249 ad
548 1206 735 1257 Aristoph
742 1235 748 1242 .
756 1202 791 1240 N
798 1203 862 1239 ub.

99 1278 190 1314 399.
213 1272 335 1320 (401.)
358 1265 534 1306 librarios
555 1273 657 1312 saepe
676 1257 776 1295 male
795 1254 863 1292 ad-

99 1327 191 1365 dere
216 1325 319 1362 hanc
347 1317 592 1373 particulam,
619 1323 722 1362 saepe
750 1307 864 1347 omit-

99 1387 195 1418 tere.
248 1375 310 1414 Ibi
338 1373 441 1412 enim
469 1371 547 1408 duo
579 1365 702 1404 MSS.
733 1360 866 1414 probae

98 1440 203 1470 notae
221 1430 330 1474 dant,
351 1425 388 1465 ου’
407 1423 484 1476 ’γάρ
519 1420 557 1472 δὴ
588 1419 667 1473 δρῦς
691 1414 729 1468 ’γ’
751 1415 865 1465 ἐπιορ-

100 1488 167 1524 κεῖ.
209 1483 256 1520 In
274 1478 458 1531 Sophocl.
479 1476 544 1525 Aj.
576 1473 690 1512 1378.
709 1467 771 1506 σον
792 1463 867 1517 ἄρα

99 1535 268 1590 τοῦργον,
291 1531 354 1570 οὐκ
386 1529 472 1582 ἐμὸν
502 1524 739 1573 κεκλήσεται,
760 1525 865 1556 utra·

100 1602 177 1641 que
196 1585 361 1627 ,Iuntina
377 1590 418 1621 et
436 1579 558 1618 MSS.
578 1575 686 1614 Trin.
707 1571 768 1611 σὸν
786 1568 864 1624 χοὶρ

102 1641 176 1695 ἄρα
190 1641 360 1681 habent3
389 1636 477 1685 lege
499 1631 632 1683 igitur,
654 1623 716 1665 σόν
735 1622 773 1676 γ’
793 1626 867 1674 aiffa

101 1694 265 1747 τοῦργον.
300 1690 426 1740 Supra
439 1686 516 1738 7523)
536 1680 591 1736 αἶρ’
605 1693 676 1733 pro
691 1676 729 1730 γ’
749 1674 802 1728 ἄρ’
818 1674 864 1712 L.

157 1747 270 1786 1367.
287 1737 577 1791 δυσποτμώτερα
602 1741 642 1772 et
661 1743 777 1781 supra
797 1728 869 1776 βα-

102 1795 395 1854 ρυποτμωτοέτας

103 1845 457 1902 ὃνσποτμοτατοιΜ.
472 1858 487 1881 ο
501 1843 540 1879 in
552 1847 718 1888 utroque
729 1833 869 1879 Aldus,

101 1918 173 1958 pro
211 1919 239 1941 ω
266 1900 380 1939 male.
435 1897 536 1934 Cum
573 1891 676 1930 enim
713 1887 868 1938 πότμος,

102 1958 240 2003 τέκνον,
253 1962 292 1992 et
311 1949 463 1995 similia,
476 1944 692 1986 secundum
714 1937 868 1979 Atticas

101 2009 272 2049 rationes
290 2004 461 2057 priorem
490 1999 677 2052 syllabam
708 1990 869 2042 corripi-

103 2070 184 2106 ant,
212 2056 478 2109 consequitur,
520 2059 564 2089 ut
606 2044 870 2098 comparativa

103 2109 461 2168 βαρυποτμώτατος,
478 2100 791 2155 δυσποτμώτερος,
813 2095 870 2134 εὐ-

103 2165 332 2207 ramim-m
365 2161 492 2214 (Hec.
506 2159 594 2197 585.
615 2151 728 2204 624.)
759 2156 867 2188 ante-

103 2214 357 2272 penultimam
376 2211 606 2265 producant.
648 2203 869 2244 Menander

105 2272 331 2310 Misumeno
349 2265 454 2318 apud
466 2259 664 2302 Plutarch.
683 2257 732 2296 de
746 2254 868 2294 Divit.

107 2325 256 2363 Amore
275 2335 314 2372 p.
333 2322 428 2359 525.
459 2314 714 2355 Adimam-2,
735 2305 871 2361 ἀνθρώ-

105 2390 184 2416 πων
214 2372 278 2413 τιν’
317 2368 538 2421 ἀθλιώτερον
574 2365 783 2413 “Εο’ροικας;
817 2357 871 2412 ἆρ’

106 2430 250 2482 ἐρῶντα,
270 2420 566 2474 δυσποτμώτερον
584 2436 594 2463 ;
616 2414 875 2467 ubiVVytten-

105 2480 238 2520 bachii
250 2479 491 2528 conjectura,
504 2472 691 2526 >wlff-ara,
704 2474 872 2508 metrum

107 2531 377 2586 pessundaret.

165 2588 279 2626 1370.
293 2583 348 2622 ἐπὶ
368 2578 466 2632 κάρα
477 2592 516 2615 τε
529 2577 566 2614 J.
578 2573 737 2612 membr.
755 2569 856 2609 Scal.

166 2639 280 2678 1371.
313 2634 434 2687 ’τέρμα
475 2630 555 2667 sine
592 2625 750 2665 elisione
786 2621 874 2659 Ald.

113 2689 289 2730 C.D.L.
316 2685 477 2724 membr.
497 2678 650 2734 τέρμον’,
685 2675 788 2728 quod
816 2687 875 2711 re-

110 2742 243 2795 posuit
258 2738 466 2779 Barnesius
489 2748 539 2773 ex
552 2731 636 2770 Viri
656 2728 762 2767 docti
782 2739 872 2764 con-

107 2797 278 2847 jectura,
293 2807 315 2833 e
325 2792 437 2830 VOSS.
455 2795 485 2828 1.
497 2784 659 2839 protulit
668 2782 878 2823 Burtonus3

912 883 982 922 sed
994 879 1162 932 scripsit,
1179 876 1331 928 opinor,
1347 874 1502 912 Voss.2.
1520 872 1678 910 Floren-

914 936 1018 974 tinus
1033 933 1148 976 enim,
1159 938 1258 969 teste
1267 925 1550 971 Valckenaerio,
1562 925 1682 962 habet

915 985 1120 1042 τεςμονιάις
1155 982 1306 1031 όκοίστη.
1340 979 1460 1033 τέξμοί
1493 977 1594 1029 (sic)
1631 977 1683 1017 R.

913 1040 1017 1094 ,τέρμ’
1037 1036 1210 1085 Ἰοκάστη
1226 1036 1291 1073 τοῦ
1311 1032 1391 1083 βίου
1408 1032 1522 1070 Grot.
1541 1043 1563 1068 e
1585 1028 1676 1067 MS.

914 1094 970 1132 sic
989 1091 1092 1131 enim
1106 1088 1218 1127 Leid.
1238 1099 1314 1125 sec.
1334 1092 1374 1124 et
1388 1085 1468 1123 fere
1482 1084 1534 1121 K.
1565 1081 1684 1124 Quod

915 1147 947 1184 si
966 1145 1052 1196 quis
1081 1142 1171 1187 erit,
1202 1139 1269 1190 qui
1298 1137 1492 1189 praeferat‚
1523 1134 1619 1171 nihil
1647 1133 1684 1171 ei

915 1200 1026 1250 pejus
1041 1193 1298 1246 imprecabor,
1311 1203 1427 1240 quam
1443 1196 1486 1225 ut
1501 1187 1540 1224 in
1553 1186 1685 1224 Orest.

915 1254 1006 1289 490.
1037 1249 1157 1298 legat,
1199 1243 1344 1297 (MSS.
1374 1241 1477 1279 enim
1509 1237 1688 1277 nonnulli

916 1299 1121 1362 ἐξέπνευᾱ)
1151 1296 1254 1336 Ἐπεὶ
1273 1294 1351 1348 γάρ
1373 1292 1554 1343 ἐξὲπνευσ’
1570 1289 1685 1343 Ἀγοι-

916 1355 1065 1409 μέμνων
1080 1366 1141 1391 τον
1155 1350 1247 1400 βίον.

973 1409 1086 1446 1372.
1107 1403 1172 1442 Sic
1202 1401 1295 1439 Ald.
1315 1399 1429 1437 Grot.
1443 1396 1605 1435 membr.
1634 1395 1686 1433 R.

919 1467 972 1506 et,
991 1466 1102 1509 puto,
1116 1456 1152 1494 J.
1166 1455 1213 1494 L.
1247 1451 1422 1503 Σφιγγός
1442 1450 1472 1488 τ’
1489 1445 1686 1500 αἰνιγμοῦς

920 1512 1029 1552 C.D.
1043 1508 1154 1548 Leid.
1168 1520 1227 1558 pr.
1254 1503 1428 1556 Σφιγγός
1449 1502 1479 1540 τ’
1500 1501 1687 1554 αἰνιγμῶν

919 1565 978 1603 M.
1012 1560 1185 1613 Σφιγγὸς
1218 1555 1413 1609 αἱνιγμοιὲς
1441 1554 1472 1592 τ’
1506 1554 1609 1591 Flor.
1634 1553 1685 1592 K.

918 1616 1031 1656 Leid.
1046 1627 1125 1653 sec.
1143 1611 1248 1650 unde
1265 1609 1361 1648 fecit
1379 1605 1687 1653 Valckenaerius,

919 1672 1091 1721 αἶνιγμου
1111 1665 1157 1709 τ’,
1183 1664 1266 1702 sine
1286 1674 1414 1700 causa.
1445 1659 1589 1697 Sensus
1609 1665 1688 1696 est:

924 1721 1103 1775 Sphingis
1125 1717 1288 1770 (enigma
1302 1715 1469 1754 Jocastae
1483 1711 1612 1750 attulit
1630 1711 1689 1749 in-

425 1792 519 1829 dant
551 1786 671 1826 MSS.
700 1781 867 1834 quidam.
901 1775 1063 1827 felicem
1090 1785 1170 1810 cum
1201 1770 1306 1814 vstae,
1342 1773 1420 1805 tum
1457 1764 1690 1816 nuptiarum,

905 1829 1044 1881 finem.
1065 1825 1131 1863 Sic
1146 1825 1184 1860 in
1199 1821 1311 1860 Iliad.
1327 1825 1374 1857 Δ.
1389 1821 1477 1858 155.
1493 1816 1690 1855 exclamat:

924 1883 1214 1931 Agamemnon,
1250 1871 1417 1913 θάνατόν
1449 1868 1487 1910 νύ
1515 1882 1570 1908 τοι
1606 1866 1690 1921 ὅρκι’

922 1933 1092 1992 ἔταμνον.
1141 1928 1294 1973 Foedus,
1323 1925 1424 1978 quod
1446 1922 1590 1976 pepigi,
1622 1919 1692 1959 tibi

921 1992 1050 2025 mortzs
1064 1996 1176 2023 causa
1196 1986 1261 2019 est.

978 2041 1092 2077 1373.
1120 2034 1182 2073 καὶ
1207 2033 1286 2075 πῶς
1311 2028 1407 2067 Edd.
1439 2038 1573 2066 omnes
1599 2029 1691 2062 ante

922 2087 1249 2131 Valckenaerium‚
1269 2090 1310 2121 et
1327 2082 1384 2120 sic
1396 2081 1447 2118 K.
1459 2079 1508 2116 R.
1527 2078 1692 2115 fortasse

922 2152 962 2183 et
982 2141 1092 2180 Leid.
1113 2152 1190 2178 see.
1212 2134 1290 2180 πῶς
1307 2135 1342 2173 δὲ
1365 2133 1466 2171 Flor.
1487 2131 1589 2169 unde
1609 2129 1693 2167 edi-

922 2197 979 2235 dit
991 2190 1297 2235 Valckenaerius,
1311 2188 1389 2231 πῶς
1407 2185 1459 2235 δή.
1500 2183 1576 2222 Sed
1589 2182 1693 2232 glos-

922 2263 964 2288 sa
978 2255 1036 2286 est
1048 2245 1153 2284 istud
1174 2244 1224 2288 δὲ,
1241 2249 1285 2280 ut
1297 2241 1422 2291 liquet
1434 2251 1456 2276 e
1473 2238 1518 2276 C.
1539 2236 1604 2273 ubi
1623 2246 1689 2272 su-

924 2301 1185 2355 perscriptum
1223 2301 1295 2333 est.
1364 2290 1497 2330 Ceteri
1534 2287 1691 2326 codices

926 2366 1068 2405 magno
1087 2362 1264 2394 numero,
1283 2358 1361 2388 πως
1377 2344 1454 2389 καὶ,
1474 2337 1694 2384 Bodleiani,

929 2409 1096 2447 C.Cant.
1110 2404 1148 2441 D
1169 2399 1337 2440 J.L.M.
1375 2397 1439 2433 De
1458 2390 1692 2431 membranis

925 2461 1013 2499 silet
1046 2454 1282 2499 Brunekius‚
1316 2449 1381 2500 qui
1418 2447 1536 2485 tacite
1570 2442 1694 2482 edidit

926 2513 1003 2557 πῶς
1024 2511 1075 2561 δή.
1118 2508 1178 2546 Eo
1197 2503 1354 2544 nomine
1375 2499 1438 2538 καὶ
1459 2499 1537 2540 πῶς
1556 2495 1696 2533 vitiosa

928 2574 988 2605 est
1005 2562 1138 2608 lectio,
1172 2557 1278 2611 quod
1297 2551 1516 2605 objicientis
1535 2552 1616 2587 iere
1637 2554 1696 2585 cst

926 2619 987 2657 vel
1017 2609 1335 2655 contradicentis,
1365 2613 1408 2643 ut
1433 2602 1548 2641 modo
1582 2603 1698 2640 1367.

931 2673 1074 2709 Sensus
1094 2675 1168 2712 est,
1201 2663 1279 2703 Dic
1296 2664 1482 2713 praeterea
1503 2652 1696 2707 quomodo.

929 2725 993 2762 Ita
1019 2722 1119 2761 solet
1144 2715 1286 2768 copula
1313 2707 1599 2759 interrogativis
1626 2703 1695 2749 τίς,

928 2777 1021 2821 πῶς,
1039 2777 1113 2819 ποῖ,
1131 2771 1214 2814 ποῦ,
1233 2769 1346 2856 ποῖοί,
1366 2759 1562 2814 postponi.
1589 2758 1695 2798 Hec.

1357 2819 1383 2854 2
