1843 3198
153 252 189 286 x
736 243 1080 278 PRAEFATIO·

156 350 320 403 habet
336 346 636 420 Sophocles,
655 343 882 397 Philoct.
907 349 1034 397 182.
1054 356 1107 396 et
1125 343 1332 396 tandem
1360 342 1663 414 Euripides,

161 439 297 492 Hcc.
326 442 455 492 421.
506 436 570 489 In
596 435 908 498 Philoctete,
932 445 1026 487 aut
1049 446 1247 487 mutato
1268 434 1485 486 duarum
1513 451 1665 484 vocu-

157 531 325 583 larum
350 528 530 581 ordine
555 528 686 599 lege,
715 525 785 600 ἆρ’
806 525 870 589 ου’,
898 538 987 578 aut
1009 524 1122 576 dele
1147 524 1448 595 particulam
1474 542 1665 592 negan-

158 633 285 673 tem.
350 619 455 672 Sed
485 618 628 680 illud,
658 616 857 688 opinor,
886 615 1088 674 verius;
1119 634 1411 686 quanquam
1443 613 1494 663 in
1522 610 1664 662 hisce

158 693 774 779 interrogandi'formulis
804 716 1083 776 negantem
1113 703 1416 775 particulam
1460 722 1550 773 pro
1587 720 1665 752 ar-

160 798 320 853 bitrio
367 800 445 849 vel
491 798 694 850 addunt
734 797 809 849 vel
853 795 1103 847 omittunt
1142 794 1371 866 Tragici.
1417 792 1551 846 OEd.
1599 789 1665 843 Τ.

164 894 290 942 822.
321 885 393 961 ἄρ’
420 886 523 951 ’ἔφυν
550 885 717 947 κακόςς
735 884 837 959 ’Ἆρ’
861 883 969 951 mixi
992 886 1088 943 ποῖς
1113 880 1330 951 biva‘yvoss

237 978 302 1031 In
331 978 624 1047 fragmento
652 973 775 1044 νόμρν
803 973 900 1040 ’ἔχει
928 972 1090 1045 quivis
1118 972 1396 1043 legendum
1427 971 1630 1025 viderit.

236 1070 300 1123 In
332 1067 500 1122 choris
527 1078 579 1118 et
606 1064 800 1118 melicis
829 1063 1219 1134 systematibus,
1248 1084 1361 1135 quae
1392 1061 1588 1114 librarii
1615 1071 1670 1114 et

163 1160 386 1214 editores
414 1176 506 1229 pro
535 1153 750 1207 arbitrio
779 1153 1119 1216 distribuunt,
1156 1153 1284 1205 duas
1322 1172 1435 1205 sum
1467 1151 1668 1224 potissi-

164 1269 306 1303 mum
337 1246 541 1319 regulas
568 1254 793 1297 secutus.
875 1241 1054 1296 Primo
1094 1243 1285 1306 curavi,
1331 1254 1390 1295 ut
1429 1243 1670 1316 quodque

163 1359 373 1396 carmen
398 1338 465 1390 ad
496 1348 619 1389 nota
639 1349 691 1393 et
711 1335 888 1408 lyricis
910 1336 1075 1408 poetis
1095 1336 1298 1400 usitata,
1328 1337 1371 1389 si
1393 1336 1544 1395 facile
1563 1336 1672 1388 fieri

161 1436 353 1499 posset,
405 1443 646 1489 ,versuum
700 1443 893 1495 genera
947 1422 1298 1494 redigeretur3
1354 1425 1562 1488 deinde,
1615 1437 1673 1478 ut

163 1517 349 1570 eadem
376 1526 466 1574 aut
492 1514 671 1576 similis
698 1532 938 1566 versuum
967 1513 1164 1585 species
1200 1534 1352 1586 quam
1395 1516 1672 1587 saepissime

162 1616 469 1660 recurreret.
551 1603 729 1677 Hujus
750 1602 1013 1656 divisionis
1039 1604 1334 1676 exemplum
1355 1606 1475 1658 vide
1499 1606 1553 1658 in
1575 1605 1674 1658 hac

163 1696 363 1769 fabula,
390 1700 518 1756 931.
549 1699 677 1765 9325.
710 1696 838 1763 935,
907 1692 1043 1762 Ejus
1070 1694 1274 1767 generis
1302 1714 1476 1772 versus
1503 1695 1673 1767 plures

163 1785 218 1838 in
246 1785 413 1857 primo
440 1784 621 1854 Ajacis
649 1781 932 1854 Sophoclei
954 1783 1113 1836 choro
1144 1785 1489 1856 reperiuntur.
1558 1782 1674 1854 Op-

120 1888 122 1894 *
166 1876 383 1929 tandum
402 1874 612 1947 quidem
631 1884 760 1937 erat,
781 1884 836 1924 ut
853 1872 1098 1944 Strophae
1118 1873 1462 1945 Antistrophe
1477 1872 1674 1944 ubique

165 1971 408 2016 accurate
431 1962 784 2033 responderet.
863 1960 970 2014 Sed
986 1953 1106 2013 >cum
1130 1961 1326 2015 librarii
1346 1963 1398 2015 in
1419 1962 1676 2015 facillimis

165 2066 450 2106 metrorum
481 2051 758 2123 generibus
780 2050 933 2104 toties
955 2063 1007 2103 et
1031 2063 1135 2103 tam
1157 2053 1374 2125 turpiter
1391 2051 1674 2125 peccarint,

166 2140 291 2213 quid
331 2139 385 2192 in
432 2139 603 2213 paullo
654 2139 1090 2199 reconditioribus
1135 2141 1313 2196 fecisse
1356 2145 1674 2215 putabimus,

163 2228 457 2304 praesertim
476 2229 567 2282 ubi
589 2229 654 2282 ad
677 2229 827 2283 metri
850 2228 1218 2302 difficultatem
1243 2232 1364 2303 styli
1382 2233 1678 2286 obscuritas

166 2314 424 2375 accedat?
505 2318 724 2373 Cautius
752 2319 908 2391 igitur
934 2320 985 2383 in
1015 2321 1113 2373 hac
1140 2336 1286 2393 parte
1316 2343 1398 2375 me
1432 2323 1586 2396 gessi,
1623 2331 1677 2376 et

166 2411 406 2484 quaedam
435 2409 632 2462 intacta
660 2408 858 2482 reliqui,
899 2410 950 2461 in
992 2410 1186 2481 quibus
1229 2424 1408 2465 tamen
1448 2433 1675 2466 errorem

166 2501 328 2559 latere
348 2517 499 2572 posse
521 2497 804 2569 suspicatus
821 2499 934 2551 sim.
966 2499 1093 2552 Hoc
1110 2501 1269 2553 semel
1290 2502 1676 2554 observandum

170 2602 267 2654 est,
297 2591 423 2644 nihil
452 2601 556 2642 tam
590 2589 889 2662 frequenter
914 2591 965 2642 in
994 2591 1234 2644 librarios
1275 2594 1480 2655 cadere,
1522 2611 1676 2664 quam

170 2679 447 2733 verborum
469 2678 707 2730 ordinem
726 2678 1019 2731 immutare.
1053 2679 1214 2732 Hunc
1232 2701 1456 2736 errorem
1480 2684 1548 2736 illi
1566 2685 1678 2757 qui-

172 2768 312 2830 dem,
343 2767 434 2819 ubi
467 2765 966 2831 animadverterunt,
1004 2768 1282 2840 aliquando
1311 2771 1471 2823 literis
1501 2793 1678 2825 nume-

175 2859 372 2912 ralibus
394 2859 646 2913 indicant.
704 2859 806 2913 Sed
838 2859 929 2911 has
960 2873 1107 2912 notas
1134 2860 1185 2924 ii,
1214 2862 1300 2934 qui
1332 2873 1509 2933 postea
1536 2863 1679 2916 codi-
