1843 3198
188 203 323 257 xlviii
405 219 928 258 SUPPLEMENTUM
965 220 1047 254 AD
1084 218 1573 256 PRAEFATIONEM.

188 323 314 378 Pac.
345 324 469 378 586.
498 321 658 375 ΨΗσ-Θοε
684 319 775 395 ‘7023
801 318 1021 390 μέγιστον
1046 321 1146 391 ἡμῖν
1171 320 1333 397 κέρδος,
1375 320 1409 372 ὖ
1435 320 1693 392 ποθουμένη.

189 414 343 468 Eccl.
372 417 531 467 1148.
564 420 673 468 Τοῖς
696 409 866 475 ’γελῶσι
889 407 927 460 δ’
947 406 1074 470 ἡδέως
1097 407 1168 460 διαὶ
1191 409 1243 461 τὸ
1263 410 1408 479 ’γελᾷν
1427 409 1580 485 κρίνειν
1601 408 1694 480 ἓμὲ.

190 516 349 579 Quod
379 518 444 569 ad
473 525 759 586 anapaestos
789 512 994 575 attinet,
1035 511 1157 564 satis
1187 525 1366 564 notum
1396 527 1489 575 est,
1533 513 1699 565 dime-

189 621 294 661 tros
322 606 795 680 frequentissimum
826 624 933 656 esse
962 623 1158 675 genus3
1202 617 1583 656 monometrum
1620 616 1696 655 ta-

189 717 307 750 men
339 696 613 769 aliquando
652 695 944 764 interponi;
986 693 1275 763 legitimum
1313 713 1433 745 vero
1474 708 1700 765 systema

187 807 389 858 semper
418 806 563 837 versu
595 783 921 855 paroemiam,
962 784 1049 854 qui
1079 782 1284 844 dicitur,
1326 804 1388 834 ex
1415 783 1583 835 tribus
1612 803 1698 855 pe—

189 877 341 929 dibus
380 891 432 928 et
471 876 669 946 syllaba
705 873 1013 945 composito,
1055 874 1242 926 claudi.
1324 873 1618 944 Dactylum
1649 885 1702 926 et

189 966 476 1037 spondeum
506 963 818 1017 creberrime
849 983 940 1033 pro
976 975 1243 1034 anapaesto
1279 964 1570 1022 adhibent;
1611 962 1700 1014 sed

191 1054 444 1106 rarissime
470 1052 1018 1124 proceleusmaticum3
1051 1053 1305 1104 rarissime
1336 1053 1490 1104 etiam
1521 1052 1703 1121 dacty-

189 1145 240 1195 lo
286 1148 605 1214 anapaestum
653 1140 951 1212 subjiciunt.
1029 1141 1210 1194 Sicubi
1251 1140 1449 1193 hiatum
1491 1139 1702 1211 Tragici

193 1234 506 1306 relinquunt,
528 1243 635 1284 tum
658 1230 884 1282 vocalem
908 1228 986 1280 vel
1009 1227 1394 1300 diphthongum
1416 1227 1703 1281 necessario

191 1323 496 1395 corripiunt,
540 1334 612 1385 ut,
645 1323 798 1393 μοῦσα
823 1325 910 1373 καῖ
929 1321 1049 1390 ἡμῖν,
1087 1319 1311 1372 λείπετοίῖ
1333 1320 1466 1389 ὑμῶν.
1548 1318 1703 1371 Med.

197 1421 358 1471 1081.
379 1413 572 1467 Troad.
592 1413 721 1467 603.
766 1411 946 1465 Bletra
969 1412 1071 1463 sive
1091 1412 1321 1483 dipodiae
1346 1425 1454 1463 tum
1482 1410 1711 1462 maxime*

194 1527 495 1560 numerosos
535 1526 709 1558 versus
749 1503 998 1565 efficiunt,
1039 1523 1157 1556 cum
1200 1503 1248 1554 in
1291 1503 1519 1572 integras
1554 1520 1706 1552 voces

193 1599 456 1662 desinunt,
488 1611 836 1670 praeterquam
865 1596 915 1646 in
949 1615 1095 1647 versu
1125 1595 1447 1656 catalecticO,
1476 1591 1564 1664 qui
1594 1604 1704 1644 tum

195 1690 419 1743 maxime
449 1689 660 1741 auribus
691 1685 934 1757 placebit,
977 1706 1094 1737 cum
1138 1683 1425 1736 hexametri
1462 1679 1707 1753 dactylici

196 1782 352 1833 finem
387 1779 683 1831 constituet.
738 1775 1138 1846 Nonnunquam
1161 1795 1280 1826 vero
1301 1773 1414 1827 etis
1437 1770 1705 1842 dactylum

197 1871 432 1923 admittit
458 1870 507 1921 in
540 1867 704 1938 primo
735 1865 867 1927 loco,
894 1876 967 1926 ut,
994 1863 1145 1916 Med.
1176 1867 1333 1917 1085.
1377 1859 1479 1915 Οὔκ
1500 1857 1707 1929 οἷπόμου-

194 1983 270 2013 σον
297 1958 352 2012 τό
376 1959 614 2026 γυναικῶν.
665 1953 828 2026 Hipp.
859 1956 985 2005 240.
1036 1949 1131 2004 Ka}
1158 1952 1447 2027 παρακόπτει
1474 1950 1648 2024 φρένας,
1675 1949 1711 2007 Z

193 2059 300 2102 παῖ’.

269 2135 677 2190 Accuratissime
707 2134 1009 2206 plerumque
1051 2132 1394 2184 dimetrorum
1437 2130 1709 2201 anapaesti-

197 2247 375 2280 corum
416 2227 556 2298 leges
596 2238 804 2278 servant
844 2223 1081 2283 Comici;
1123 2225 1406 2284 interdum,
1448 2222 1536 2274 sed
1575 2241 1707 2284 raro,

196 2316 579 2387 Aristophanes
602 2316 706 2366 duo
727 2334 901 2366 versus
930 2314 1181 2375 confudit,
1211 2311 1372 2383 Vesp.
1395 2316 1521 2372 750.
1550 2311 1711 2363 inter-

197 2409 346 2471 dum,
374 2408 462 2459 sed
492 2407 542 2459 in
574 2405 778 2478 proprio
810 2404 1038 2465 nomine,
1064 2401 1312 2473 Γλαυκέτῃ
1339 2400 1606 2471 dactylum
1636 2400 1709 2452 fe-

198 2495 289 2557 cit,
309 2494 431 2546 Pac.
454 2498 614 2547 1008.
664 2491 787 2553 Sed,
806 2503 862 2544 ut
883 2510 997 2542 vere
1015 2490 1212 2562 loquar,
1232 2490 1347 2542 haec
1366 2490 1581 2544 materia
1600 2501 1706 2543 tam

199 2584 423 2656 copiosa,
464 2585 515 2637 in
545 2596 622 2637 tot
651 2595 820 2654 partes
844 2581 1028 2633 diffusa
1056 2591 1152 2643 est,
1192 2590 1249 2631 ut
1277 2581 1475 2633 facilius
1501 2580 1707 2633 initium

198 2696 352 2748 quam
376 2674 573 2727 exitum
596 2671 822 2723 inveniat
844 2670 1024 2722 oratio.
1068 2668 1255 2722 Unam
1282 2670 1439 2741 igitur
1460 2670 1707 2740 Anapaes-

201 2774 371 2813 torum
401 2773 600 2830 partem
629 2757 886 2810 illustrare
909 2757 1157 2821 conabor,
1179 2758 1375 2811 scilicet
1401 2757 1710 2828 Aristopha-

202 2852 451 2904 uicorum.

275 2939 642 3009 Anapaesticus
670 2938 1104 3010 Aristophanicus
1146 2949 1348 2991 constat
1388 2938 1592 2990 duobus
1632 2935 1711 2987 di-
