<?xml version="1.0" encoding="UTF-8"?>
<!DOCTYPE html PUBLIC "-//W3C//DTD XHTML 1.0 Transitional//EN"
    "http://www.w3.org/TR/xhtml1/DTD/xhtml1-transitional.dtd">
<html xmlns="http://www.w3.org/1999/xhtml" xml:lang="en" lang="en">
 <head>
  <title>
</title>
<meta http-equiv="Content-Type" content="text/html;charset=utf-8" />
  <meta name='ocr-system' content='tesseract 3.04.00' />
  <meta name='ocr-capabilities' content='ocr_page ocr_carea ocr_par ocr_line ocrx_word'/>
</head>
<body>
  <div class='ocr_page' id='page_1' title='image "./euripidouekavore00euriuoft_0027.png"; bbox 0 0 1891 3230; ppageno 0'>
   <div class='ocr_carea' id='block_1_1' title="bbox 280 256 1634 294">
    <p class='ocr_par' dir='ltr' id='par_1_1' title="bbox 280 256 1634 294">
     <span class='ocr_line' id='line_1_1' title="bbox 280 256 1634 294; baseline 0 -2"><span class='ocrx_word' id='word_1_1' title='bbox 280 256 803 292; x_wconf 77' lang='lat' dir='ltr'><strong>SUPPLEMENTUM</strong></span> <span class='ocrx_word' id='word_1_2' title='bbox 851 260 887 293; x_wconf 86' lang='grc' dir='ltr'>Λ</span> <span class='ocrx_word' id='word_1_3' title='bbox 902 259 937 291; x_wconf 82' lang='grc'>1)</span> <span class='ocrx_word' id='word_1_4' title='bbox 986 259 1015 292; x_wconf 81' lang='grc' dir='ltr'>Ρ</span> <span class='ocrx_word' id='word_1_5' title='bbox 1031 258 1480 294; x_wconf 74' lang='lat' dir='ltr'>RAEFATIONEM.</span> <span class='ocrx_word' id='word_1_6' title='bbox 1569 262 1634 293; x_wconf 74' lang='lat' dir='ltr'>XV</span> 
     </span>
    </p>
   </div>
   <div class='ocr_carea' id='block_1_2' title="bbox 111 358 1655 3096">
    <p class='ocr_par' dir='ltr' id='par_1_2' title="bbox 111 358 1655 3096">
     <span class='ocr_line' id='line_1_2' title="bbox 130 358 1638 435; baseline 0.001 -21"><span class='ocrx_word' id='word_1_7' title='bbox 130 363 303 423; x_wconf 85' lang='lat' dir='ltr'>finem,</span> <span class='ocrx_word' id='word_1_8' title='bbox 336 372 392 413; x_wconf 86' lang='lat' dir='ltr'>ut</span> <span class='ocrx_word' id='word_1_9' title='bbox 417 358 657 435; x_wconf 75' lang='lat' dir='ltr'>arbitror,</span> <span class='ocrx_word' id='word_1_10' title='bbox 685 358 841 411; x_wconf 84' lang='lat' dir='ltr'>seculi</span> <span class='ocrx_word' id='word_1_11' title='bbox 868 359 1057 412; x_wconf 81' lang='lat' dir='ltr'>decimi</span> <span class='ocrx_word' id='word_1_12' title='bbox 1086 360 1242 423; x_wconf 85' lang='lat' dir='ltr'>tertii,</span> <span class='ocrx_word' id='word_1_13' title='bbox 1278 360 1383 413; x_wconf 87' lang='lat' dir='ltr'>iota</span> <span class='ocrx_word' id='word_1_14' title='bbox 1412 363 1638 415; x_wconf 81' lang='lat' dir='ltr'>subscri-</span> 
     </span>
     <span class='ocr_line' id='line_1_3' title="bbox 130 449 1636 523; baseline 0.005 -24"><span class='ocrx_word' id='word_1_15' title='bbox 130 451 253 502; x_wconf 89' lang='lat' dir='ltr'>bere</span> <span class='ocrx_word' id='word_1_16' title='bbox 274 469 472 521; x_wconf 81' lang='lat' dir='ltr'>coepere</span> <span class='ocrx_word' id='word_1_17' title='bbox 489 449 702 513; x_wconf 83' lang='lat' dir='ltr'>librarii,</span> <span class='ocrx_word' id='word_1_18' title='bbox 725 450 871 523; x_wconf 89' lang='lat' dir='ltr'>quod</span> <span class='ocrx_word' id='word_1_19' title='bbox 893 464 1046 503; x_wconf 85' lang='lat' dir='ltr'>antea</span> <span class='ocrx_word' id='word_1_20' title='bbox 1072 450 1146 503; x_wconf 90' lang='lat' dir='ltr'>vel</span> <span class='ocrx_word' id='word_1_21' title='bbox 1166 451 1485 522; x_wconf 84' lang='lat' dir='ltr'>adscriptum</span> <span class='ocrx_word' id='word_1_22' title='bbox 1507 468 1636 517; x_wconf 84' lang='lat' dir='ltr'>erat,</span> 
     </span>
     <span class='ocr_line' id='line_1_4' title="bbox 130 539 1636 612; baseline 0.003 -21"><span class='ocrx_word' id='word_1_23' title='bbox 130 541 206 592; x_wconf 87' lang='lat' dir='ltr'>vel</span> <span class='ocrx_word' id='word_1_24' title='bbox 245 541 508 593; x_wconf 87' lang='lat' dir='ltr'>omissum.</span> <span class='ocrx_word' id='word_1_25' title='bbox 590 539 729 593; x_wconf 86' lang='lat' dir='ltr'>Duae</span> <span class='ocrx_word' id='word_1_26' title='bbox 759 560 947 612; x_wconf 85' lang='lat' dir='ltr'>nempe</span> <span class='ocrx_word' id='word_1_27' title='bbox 976 554 1123 594; x_wconf 88' lang='lat' dir='ltr'>erant</span> <span class='ocrx_word' id='word_1_28' title='bbox 1152 542 1636 596; x_wconf 72' lang='lat' dir='ltr'>Grammaticorum</span> 
     </span>
     <span class='ocr_line' id='line_1_5' title="bbox 129 628 1639 692; baseline 0.002 -12"><span class='ocrx_word' id='word_1_29' title='bbox 129 640 319 688; x_wconf 84' lang='lat' dir='ltr'>scctae3</span> <span class='ocrx_word' id='word_1_30' title='bbox 366 629 478 681; x_wconf 79' lang='lat' dir='ltr'>haec</span> <span class='ocrx_word' id='word_1_31' title='bbox 519 628 624 680; x_wconf 81' lang='lat' dir='ltr'>iota</span> <span class='ocrx_word' id='word_1_32' title='bbox 668 629 854 681; x_wconf 80' lang='lat' dir='ltr'>dativis</span> <span class='ocrx_word' id='word_1_33' title='bbox 895 642 949 681; x_wconf 90' lang='lat' dir='ltr'>et</span> <span class='ocrx_word' id='word_1_34' title='bbox 986 629 1247 682; x_wconf 81' lang='lat' dir='ltr'>infinitivis</span> <span class='ocrx_word' id='word_1_35' title='bbox 1273 630 1521 692; x_wconf 85' lang='lat' dir='ltr'>addebat,</span> <span class='ocrx_word' id='word_1_36' title='bbox 1553 631 1639 683; x_wconf 81' lang='lat' dir='ltr'>illa</span> 
     </span>
     <span class='ocr_line' id='line_1_6' title="bbox 129 718 1638 775; baseline 0.003 -6"><span class='ocrx_word' id='word_1_37' title='bbox 129 718 423 771; x_wconf 87' lang='lat' dir='ltr'>omittebat.</span> <span class='ocrx_word' id='word_1_38' title='bbox 493 719 596 771; x_wconf 86' lang='lat' dir='ltr'>Sed</span> <span class='ocrx_word' id='word_1_39' title='bbox 623 719 671 770; x_wconf 90' lang='lat' dir='ltr'>in</span> <span class='ocrx_word' id='word_1_40' title='bbox 698 720 794 771; x_wconf 86' lang='lat' dir='ltr'>hoc</span> <span class='ocrx_word' id='word_1_41' title='bbox 818 739 997 771; x_wconf 82' lang='lat' dir='ltr'>omnes</span> <span class='ocrx_word' id='word_1_42' title='bbox 1020 720 1209 772; x_wconf 73' lang='lat' dir='ltr'>vetusti</span> <span class='ocrx_word' id='word_1_43' title='bbox 1232 719 1398 772; x_wconf 81' lang='lat' dir='ltr'>MSS.</span> <span class='ocrx_word' id='word_1_44' title='bbox 1423 741 1638 775; x_wconf 90' lang='lat' dir='ltr'>consen-</span> 
     </span>
     <span class='ocr_line' id='line_1_7' title="bbox 130 809 1637 885; baseline 0.003 -25"><span class='ocrx_word' id='word_1_45' title='bbox 130 809 283 871; x_wconf 87' lang='lat' dir='ltr'>tiunt,</span> <span class='ocrx_word' id='word_1_46' title='bbox 307 809 462 862; x_wconf 87' lang='lat' dir='ltr'>etiam</span> <span class='ocrx_word' id='word_1_47' title='bbox 486 810 519 863; x_wconf 88' lang='lat' dir='ltr'>ii</span> <span class='ocrx_word' id='word_1_48' title='bbox 547 813 632 882; x_wconf 89' lang='lat' dir='ltr'>qui</span> <span class='ocrx_word' id='word_1_49' title='bbox 657 823 957 864; x_wconf 79' lang='lat' dir='ltr'>constanter</span> <span class='ocrx_word' id='word_1_50' title='bbox 981 809 1141 881; x_wconf 79' lang='grc' dir='ltr'><em>μούσηι</em></span> <span class='ocrx_word' id='word_1_51' title='bbox 1169 824 1220 863; x_wconf 91' lang='lat' dir='ltr'>et</span> <span class='ocrx_word' id='word_1_52' title='bbox 1246 809 1367 885; x_wconf 63' lang='grc' dir='ltr'><em>δραῒν</em></span> <span class='ocrx_word' id='word_1_53' title='bbox 1396 812 1637 876; x_wconf 84' lang='lat' dir='ltr'>retinent,</span> 
     </span>
     <span class='ocr_line' id='line_1_8' title="bbox 131 895 1655 972; baseline 0.005 -24"><span class='ocrx_word' id='word_1_54' title='bbox 131 909 188 949; x_wconf 84' lang='lat' dir='ltr'>ut</span> <span class='ocrx_word' id='word_1_55' title='bbox 215 895 317 961; x_wconf 82' lang='grc' dir='ltr'>κοῖν,</span> <span class='ocrx_word' id='word_1_56' title='bbox 346 897 569 962; x_wconf 68' lang='grc' dir='ltr'>κᾶπειτα,</span> <span class='ocrx_word' id='word_1_57' title='bbox 596 912 646 951; x_wconf 81' lang='lat' dir='ltr'>et</span> <span class='ocrx_word' id='word_1_58' title='bbox 669 899 871 965; x_wconf 81' lang='lat' dir='ltr'>similia,</span> <span class='ocrx_word' id='word_1_59' title='bbox 888 900 1039 952; x_wconf 88' lang='lat' dir='ltr'>litera</span> <span class='ocrx_word' id='word_1_60' title='bbox 1061 899 1157 953; x_wconf 83' lang='lat' dir='ltr'>ista</span> <span class='ocrx_word' id='word_1_61' title='bbox 1180 921 1384 972; x_wconf 83' lang='lat' dir='ltr'>semper</span> <span class='ocrx_word' id='word_1_62' title='bbox 1407 916 1655 956; x_wconf 64' lang='lat' dir='ltr'>careant-</span> 
     </span>
     <span class='ocr_line' id='line_1_9' title="bbox 207 986 1638 1062; baseline 0.005 -23"><span class='ocrx_word' id='word_1_63' title='bbox 207 986 305 1058; x_wconf 83' lang='lat' dir='ltr'>(B)</span> <span class='ocrx_word' id='word_1_64' title='bbox 337 986 531 1040; x_wconf 89' lang='lat' dir='ltr'>Nescio</span> <span class='ocrx_word' id='word_1_65' title='bbox 554 1010 645 1042; x_wconf 89' lang='lat' dir='ltr'>cur</span> <span class='ocrx_word' id='word_1_66' title='bbox 674 990 888 1042; x_wconf 86' lang='lat' dir='ltr'>miretur</span> <span class='ocrx_word' id='word_1_67' title='bbox 909 989 1038 1061; x_wconf 85' lang='lat' dir='ltr'>quis,</span> <span class='ocrx_word' id='word_1_68' title='bbox 1069 991 1207 1062; x_wconf 85' lang='lat' dir='ltr'>quod</span> <span class='ocrx_word' id='word_1_69' title='bbox 1234 990 1462 1044; x_wconf 82' lang='lat' dir='ltr'>vocalem</span> <span class='ocrx_word' id='word_1_70' title='bbox 1488 992 1538 1044; x_wconf 86' lang='lat' dir='ltr'>in</span> <span class='ocrx_word' id='word_1_71' title='bbox 1565 991 1638 1047; x_wconf 74' lang='grc' dir='ltr'>οἷεὶ</span> 
     </span>
     <span class='ocr_line' id='line_1_10' title="bbox 131 1079 1636 1151; baseline 0.003 -23"><span class='ocrx_word' id='word_1_72' title='bbox 131 1094 467 1128; x_wconf 87' lang='lat' dir='ltr'>communem</span> <span class='ocrx_word' id='word_1_73' title='bbox 495 1098 603 1132; x_wconf 83' lang='lat' dir='ltr'>esse</span> <span class='ocrx_word' id='word_1_74' title='bbox 631 1079 917 1142; x_wconf 79' lang='lat' dir='ltr'>statuerim,</span> <span class='ocrx_word' id='word_1_75' title='bbox 959 1099 1076 1131; x_wconf 90' lang='lat' dir='ltr'>cum</span> <span class='ocrx_word' id='word_1_76' title='bbox 1112 1079 1249 1131; x_wconf 87' lang='lat' dir='ltr'>idem</span> <span class='ocrx_word' id='word_1_77' title='bbox 1280 1081 1369 1132; x_wconf 86' lang='lat' dir='ltr'>fiat</span> <span class='ocrx_word' id='word_1_78' title='bbox 1396 1079 1446 1132; x_wconf 91' lang='lat' dir='ltr'>in</span> <span class='ocrx_word' id='word_1_79' title='bbox 1475 1079 1636 1151; x_wconf 73' lang='grc' dir='ltr'><em>ἷῶμαι,</em></span> 
     </span>
     <span class='ocr_line' id='line_1_11' title="bbox 127 1162 1639 1237; baseline 0 -14"><span class='ocrx_word' id='word_1_80' title='bbox 127 1162 300 1237; x_wconf 55' lang='lat' dir='ltr'>lavetis,</span> <span class='ocrx_word' id='word_1_81' title='bbox 322 1165 445 1229; x_wconf 72' lang='grc' dir='ltr'><em>λίαν,</em></span> <span class='ocrx_word' id='word_1_82' title='bbox 474 1181 527 1221; x_wconf 90' lang='lat' dir='ltr'>et</span> <span class='ocrx_word' id='word_1_83' title='bbox 554 1170 680 1223; x_wconf 89' lang='lat' dir='ltr'>aliis.</span> <span class='ocrx_word' id='word_1_84' title='bbox 748 1169 980 1223; x_wconf 86' lang='lat' dir='ltr'>Gravem</span> <span class='ocrx_word' id='word_1_85' title='bbox 1009 1169 1060 1222; x_wconf 88' lang='lat' dir='ltr'>in</span> <span class='ocrx_word' id='word_1_86' title='bbox 1092 1190 1144 1221; x_wconf 88' lang='lat' dir='ltr'>re</span> <span class='ocrx_word' id='word_1_87' title='bbox 1174 1169 1276 1222; x_wconf 86' lang='lat' dir='ltr'>levi</span> <span class='ocrx_word' id='word_1_88' title='bbox 1299 1189 1526 1222; x_wconf 88' lang='lat' dir='ltr'>errorem</span> <span class='ocrx_word' id='word_1_89' title='bbox 1547 1172 1639 1224; x_wconf 90' lang='lat' dir='ltr'>ad-</span> 
     </span>
     <span class='ocr_line' id='line_1_12' title="bbox 130 1253 1640 1331; baseline 0.005 -27"><span class='ocrx_word' id='word_1_90' title='bbox 130 1254 269 1306; x_wconf 81' lang='lat' dir='ltr'>misit</span> <span class='ocrx_word' id='word_1_91' title='bbox 297 1253 712 1324; x_wconf 81' lang='lat' dir='ltr'>Valckenaerius,</span> <span class='ocrx_word' id='word_1_92' title='bbox 749 1280 867 1313; x_wconf 89' lang='lat' dir='ltr'>cum</span> <span class='ocrx_word' id='word_1_93' title='bbox 911 1260 1001 1323; x_wconf 81' lang='lat' dir='ltr'>ait,</span> <span class='ocrx_word' id='word_1_94' title='bbox 1045 1258 1280 1312; x_wconf 75' lang='lat' dir='ltr'>Dian-ib.</span> <span class='ocrx_word' id='word_1_95' title='bbox 1322 1280 1371 1331; x_wconf 90' lang='lat' dir='ltr'>p.</span> <span class='ocrx_word' id='word_1_96' title='bbox 1406 1258 1495 1318; x_wconf 76' lang='lat'>65,</span> <span class='ocrx_word' id='word_1_97' title='bbox 1527 1260 1640 1312; x_wconf 85' lang='lat' dir='ltr'>loca</span> 
     </span>
     <span class='ocr_line' id='line_1_13' title="bbox 129 1346 1639 1420; baseline -0.001 -19"><span class='ocrx_word' id='word_1_98' title='bbox 129 1348 305 1401; x_wconf 90' lang='lat' dir='ltr'>omnia</span> <span class='ocrx_word' id='word_1_99' title='bbox 334 1348 618 1419; x_wconf 82' lang='lat' dir='ltr'>Euripidis,</span> <span class='ocrx_word' id='word_1_100' title='bbox 648 1349 739 1401; x_wconf 84' lang='lat' dir='ltr'>ubi</span> <span class='ocrx_word' id='word_1_101' title='bbox 769 1349 989 1420; x_wconf 86' lang='lat' dir='ltr'>priorem</span> <span class='ocrx_word' id='word_1_102' title='bbox 1021 1349 1265 1420; x_wconf 88' lang='lat' dir='ltr'>producit</span> <span class='ocrx_word' id='word_1_103' title='bbox 1292 1346 1414 1412; x_wconf 71' lang='grc' dir='ltr'><em>λίαν,</em></span> <span class='ocrx_word' id='word_1_104' title='bbox 1457 1349 1639 1402; x_wconf 85' lang='lat' dir='ltr'>facilli-</span> 
     </span>
     <span class='ocr_line' id='line_1_14' title="bbox 127 1437 1639 1510; baseline 0.002 -21"><span class='ocrx_word' id='word_1_105' title='bbox 127 1458 267 1490; x_wconf 86' lang='lat' dir='ltr'>mam</span> <span class='ocrx_word' id='word_1_106' title='bbox 313 1439 568 1491; x_wconf 82' lang='lat' dir='ltr'>medelam</span> <span class='ocrx_word' id='word_1_107' title='bbox 614 1438 908 1491; x_wconf 85' lang='lat' dir='ltr'>admittere.</span> <span class='ocrx_word' id='word_1_108' title='bbox 988 1437 1107 1491; x_wconf 90' lang='lat' dir='ltr'>Imo</span> <span class='ocrx_word' id='word_1_109' title='bbox 1147 1439 1253 1510; x_wconf 87' lang='lat' dir='ltr'>ipse</span> <span class='ocrx_word' id='word_1_110' title='bbox 1296 1438 1442 1491; x_wconf 90' lang='lat' dir='ltr'>locus</span> <span class='ocrx_word' id='word_1_111' title='bbox 1483 1457 1639 1510; x_wconf 85' lang='lat' dir='ltr'>quem</span> 
     </span>
     <span class='ocr_line' id='line_1_15' title="bbox 129 1526 1638 1591; baseline -0.001 -11"><span class='ocrx_word' id='word_1_112' title='bbox 129 1527 273 1591; x_wconf 87' lang='lat' dir='ltr'>citas,</span> <span class='ocrx_word' id='word_1_113' title='bbox 304 1528 400 1581; x_wconf 89' lang='lat' dir='ltr'>Vir</span> <span class='ocrx_word' id='word_1_114' title='bbox 422 1546 640 1589; x_wconf 85' lang='lat' dir='ltr'>summe,</span> <span class='ocrx_word' id='word_1_115' title='bbox 664 1527 857 1578; x_wconf 85' lang='lat' dir='ltr'>nullam</span> <span class='ocrx_word' id='word_1_116' title='bbox 882 1527 1136 1578; x_wconf 83' lang='lat' dir='ltr'>medelam</span> <span class='ocrx_word' id='word_1_117' title='bbox 1162 1527 1415 1579; x_wconf 82' lang='lat' dir='ltr'>admittit.</span> <span class='ocrx_word' id='word_1_118' title='bbox 1482 1526 1638 1591; x_wconf 80' lang='grc' dir='ltr'><strong><em>Γύναι,</em></strong></span> 
     </span>
     <span class='ocr_line' id='line_1_16' title="bbox 128 1615 1641 1679; baseline 0.003 -12"><span class='ocrx_word' id='word_1_119' title='bbox 128 1615 196 1679; x_wconf 72' lang='grc' dir='ltr'>τὲ,</span> <span class='ocrx_word' id='word_1_120' title='bbox 231 1640 281 1669; x_wconf 85' lang='grc' dir='ltr'>τε</span> <span class='ocrx_word' id='word_1_121' title='bbox 310 1615 416 1669; x_wconf 78' lang='grc' dir='ltr'>λίαν</span> <span class='ocrx_word' id='word_1_122' title='bbox 452 1617 531 1669; x_wconf 76' lang='grc' dir='ltr'>καὶ</span> <span class='ocrx_word' id='word_1_123' title='bbox 570 1615 889 1678; x_wconf 68' lang='grc' dir='ltr'>φυλάσσεσθαι</span> <span class='ocrx_word' id='word_1_124' title='bbox 923 1615 1084 1679; x_wconf 75' lang='grc' dir='ltr'>φθόνον.</span> <span class='ocrx_word' id='word_1_125' title='bbox 1168 1615 1345 1677; x_wconf 79' lang='lat' dir='ltr'>Quam</span> <span class='ocrx_word' id='word_1_126' title='bbox 1374 1637 1437 1669; x_wconf 88' lang='lat' dir='ltr'>ex</span> <span class='ocrx_word' id='word_1_127' title='bbox 1465 1638 1641 1672; x_wconf 86' lang='lat' dir='ltr'>emen-</span> 
     </span>
     <span class='ocr_line' id='line_1_17' title="bbox 127 1705 1637 1776; baseline 0.001 -20"><span class='ocrx_word' id='word_1_128' title='bbox 127 1705 339 1758; x_wconf 89' lang='lat' dir='ltr'>datione</span> <span class='ocrx_word' id='word_1_129' title='bbox 376 1706 639 1768; x_wconf 83' lang='lat' dir='ltr'>addidisti,</span> <span class='ocrx_word' id='word_1_130' title='bbox 679 1705 933 1776; x_wconf 83' lang='lat' dir='ltr'>particula</span> <span class='ocrx_word' id='word_1_131' title='bbox 972 1730 1023 1759; x_wconf 82' lang='grc' dir='ltr'>τε</span> <span class='ocrx_word' id='word_1_132' title='bbox 1056 1705 1157 1776; x_wconf 86' lang='lat' dir='ltr'>(vel</span> <span class='ocrx_word' id='word_1_133' title='bbox 1193 1706 1289 1775; x_wconf 67' lang='lat' dir='ltr'>ys),</span> <span class='ocrx_word' id='word_1_134' title='bbox 1318 1706 1357 1758; x_wconf 82' lang='lat' dir='ltr'>si</span> <span class='ocrx_word' id='word_1_135' title='bbox 1386 1707 1437 1758; x_wconf 88' lang='lat' dir='ltr'>in</span> <span class='ocrx_word' id='word_1_136' title='bbox 1469 1705 1637 1761; x_wconf 87' lang='lat' dir='ltr'>MSS.</span> 
     </span>
     <span class='ocr_line' id='line_1_18' title="bbox 127 1793 1638 1869; baseline 0.002 -25"><span class='ocrx_word' id='word_1_137' title='bbox 127 1793 370 1845; x_wconf 89' lang='lat' dir='ltr'>omnibus</span> <span class='ocrx_word' id='word_1_138' title='bbox 412 1794 736 1866; x_wconf 84' lang='lat' dir='ltr'>reperiretur,</span> <span class='ocrx_word' id='word_1_139' title='bbox 778 1793 1033 1865; x_wconf 85' lang='lat' dir='ltr'>ejicienda</span> <span class='ocrx_word' id='word_1_140' title='bbox 1074 1809 1238 1854; x_wconf 88' lang='lat' dir='ltr'>esset;</span> <span class='ocrx_word' id='word_1_141' title='bbox 1288 1796 1476 1869; x_wconf 89' lang='lat' dir='ltr'>quippe</span> <span class='ocrx_word' id='word_1_142' title='bbox 1524 1817 1638 1869; x_wconf 78' lang='lat' dir='ltr'>quae</span> 
     </span>
     <span class='ocr_line' id='line_1_19' title="bbox 129 1882 1637 1956; baseline 0.001 -20"><span class='ocrx_word' id='word_1_143' title='bbox 129 1903 395 1954; x_wconf 87' lang='lat' dir='ltr'>nunquam</span> <span class='ocrx_word' id='word_1_144' title='bbox 417 1883 645 1936; x_wconf 84' lang='lat' dir='ltr'>secunda</span> <span class='ocrx_word' id='word_1_145' title='bbox 667 1882 813 1953; x_wconf 86' lang='lat' dir='ltr'>pedis</span> <span class='ocrx_word' id='word_1_146' title='bbox 837 1882 960 1937; x_wconf 85' lang='lat' dir='ltr'>trisv</span> <span class='ocrx_word' id='word_1_147' title='bbox 970 1884 1014 1935; x_wconf 95' lang='lat' dir='ltr'>ll</span> <span class='ocrx_word' id='word_1_148' title='bbox 1006 1884 1122 1935; x_wconf 70' lang='lat' dir='ltr'>tbi</span> <span class='ocrx_word' id='word_1_149' title='bbox 1110 1905 1165 1956; x_wconf 74' lang='lat' dir='ltr'>sy</span> <span class='ocrx_word' id='word_1_150' title='bbox 1157 1885 1217 1935; x_wconf 93' lang='lat' dir='ltr'>ll</span> <span class='ocrx_word' id='word_1_151' title='bbox 1211 1885 1314 1937; x_wconf 77' lang='lat' dir='ltr'>1ba</span> <span class='ocrx_word' id='word_1_152' title='bbox 1334 1905 1410 1936; x_wconf 77' lang='lat' dir='ltr'>ess</span> <span class='ocrx_word' id='word_1_153' title='bbox 1404 1905 1440 1936; x_wconf 89' lang='lat' dir='ltr'>e</span> <span class='ocrx_word' id='word_1_154' title='bbox 1463 1885 1637 1956; x_wconf 80' lang='lat' dir='ltr'>possit.</span> 
     </span>
     <span class='ocr_line' id='line_1_20' title="bbox 130 1972 1636 2049; baseline 0.001 -22"><span class='ocrx_word' id='word_1_155' title='bbox 130 1974 284 2027; x_wconf 80' lang='lat' dir='ltr'>Dixit</span> <span class='ocrx_word' id='word_1_156' title='bbox 306 1975 522 2046; x_wconf 87' lang='lat' dir='ltr'>quidem</span> <span class='ocrx_word' id='word_1_157' title='bbox 543 1973 845 2026; x_wconf 61' lang='lat' dir='ltr'>RIenander</span> <span class='ocrx_word' id='word_1_158' title='bbox 864 1974 1000 2045; x_wconf 87' lang='lat' dir='ltr'>apud</span> <span class='ocrx_word' id='word_1_159' title='bbox 1025 1972 1324 2038; x_wconf 75' lang='lat' dir='ltr'>Stobaeum,</span> <span class='ocrx_word' id='word_1_160' title='bbox 1349 1974 1565 2028; x_wconf 74' lang='lat' dir='ltr'>CXVI.</span> <span class='ocrx_word' id='word_1_161' title='bbox 1587 1997 1636 2049; x_wconf 87' lang='lat' dir='ltr'>p.</span> 
     </span>
     <span class='ocr_line' id='line_1_21' title="bbox 127 2062 1640 2141; baseline 0.001 -24"><span class='ocrx_word' id='word_1_162' title='bbox 127 2067 198 2123; x_wconf 65' lang='lat'>4⁴7</span> <span class='ocrx_word' id='word_1_163' title='bbox 204 2067 254 2117; x_wconf 93' lang='grc'>5.</span> <span class='ocrx_word' id='word_1_164' title='bbox 329 2064 482 2134; x_wconf 76' lang='grc' dir='ltr'><em>Ημων</em></span> <span class='ocrx_word' id='word_1_165' title='bbox 495 2087 612 2131; x_wconf 71' lang='grc' dir='ltr'>τογε</span> <span class='ocrx_word' id='word_1_166' title='bbox 633 2073 796 2133; x_wconf 77' lang='grc' dir='ltr'><em>φρονεῖν</em></span> <span class='ocrx_word' id='word_1_167' title='bbox 816 2062 1160 2141; x_wconf 64' lang='grc' dir='ltr'>οἶσφαλεστεξον</span> <span class='ocrx_word' id='word_1_168' title='bbox 1188 2074 1320 2117; x_wconf 74' lang='grc' dir='ltr'><em>ποιεῖ·</em></span> <span class='ocrx_word' id='word_1_169' title='bbox 1348 2066 1482 2118; x_wconf 83' lang='lat' dir='ltr'>dixit</span> <span class='ocrx_word' id='word_1_170' title='bbox 1511 2065 1608 2118; x_wconf 83' lang='grc' dir='ltr'>ΡΙ]</span> <span class='ocrx_word' id='word_1_171' title='bbox 1600 2088 1640 2118; x_wconf 89' lang='lat'>1-</span> 
     </span>
     <span class='ocr_line' id='line_1_22' title="bbox 128 2152 1639 2225; baseline 0.003 -21"><span class='ocrx_word' id='word_1_172' title='bbox 128 2153 319 2217; x_wconf 85' lang='lat' dir='ltr'>lemon,</span> <span class='ocrx_word' id='word_1_173' title='bbox 350 2153 476 2206; x_wconf 85' lang='lat' dir='ltr'>ibid.</span> <span class='ocrx_word' id='word_1_174' title='bbox 502 2152 719 2206; x_wconf 82' lang='lat' dir='ltr'>CVIII.</span> <span class='ocrx_word' id='word_1_175' title='bbox 749 2174 797 2225; x_wconf 91' lang='lat' dir='ltr'>p.</span> <span class='ocrx_word' id='word_1_176' title='bbox 819 2157 946 2208; x_wconf 74' lang='grc'><strong><em>455.</em></strong></span> <span class='ocrx_word' id='word_1_177' title='bbox 999 2154 1074 2215; x_wconf 84' lang='grc' dir='ltr'>Ἐν</span> <span class='ocrx_word' id='word_1_178' title='bbox 1097 2179 1160 2224; x_wconf 75' lang='grc' dir='ltr'>τῳ</span> <span class='ocrx_word' id='word_1_179' title='bbox 1182 2154 1236 2207; x_wconf 74' lang='grc' dir='ltr'>τό</span> <span class='ocrx_word' id='word_1_180' title='bbox 1258 2178 1306 2206; x_wconf 83' lang='grc' dir='ltr'>τε</span> <span class='ocrx_word' id='word_1_181' title='bbox 1329 2179 1472 2208; x_wconf 78' lang='grc' dir='ltr'><em>κακον</em></span> <span class='ocrx_word' id='word_1_182' title='bbox 1493 2180 1536 2208; x_wconf 88' lang='grc' dir='ltr'>ευ</span> <span class='ocrx_word' id='word_1_183' title='bbox 1560 2155 1639 2222; x_wconf 66' lang='grc' dir='ltr'>φέ-</span> 
     </span>
     <span class='ocr_line' id='line_1_23' title="bbox 127 2242 1634 2317; baseline 0.004 -23"><span class='ocrx_word' id='word_1_184' title='bbox 127 2267 205 2312; x_wconf 80' lang='grc' dir='ltr'><em>ρειν</em></span> <span class='ocrx_word' id='word_1_185' title='bbox 224 2243 304 2297; x_wconf 78' lang='grc' dir='ltr'>καὶ</span> <span class='ocrx_word' id='word_1_186' title='bbox 329 2242 550 2311; x_wconf 65' lang='grc' dir='ltr'>τάγαθὸν·</span> <span class='ocrx_word' id='word_1_187' title='bbox 575 2243 706 2296; x_wconf 80' lang='lat' dir='ltr'>dixit</span> <span class='ocrx_word' id='word_1_188' title='bbox 728 2243 909 2295; x_wconf 80' lang='lat' dir='ltr'>Alexis</span> <span class='ocrx_word' id='word_1_189' title='bbox 933 2245 1068 2315; x_wconf 82' lang='lat' dir='ltr'>apud</span> <span class='ocrx_word' id='word_1_190' title='bbox 1095 2243 1436 2308; x_wconf 73' lang='lat' dir='ltr'>Athenaeum,</span> <span class='ocrx_word' id='word_1_191' title='bbox 1460 2244 1560 2298; x_wconf 84' lang='lat' dir='ltr'>VI.</span> <span class='ocrx_word' id='word_1_192' title='bbox 1585 2266 1634 2317; x_wconf 78' lang='lat' dir='ltr'>p.</span> 
     </span>
     <span class='ocr_line' id='line_1_24' title="bbox 129 2333 1637 2406; baseline 0.001 -20"><span class='ocrx_word' id='word_1_193' title='bbox 129 2341 255 2394; x_wconf 69' lang='grc'><strong><em>937.</em></strong></span> <span class='ocrx_word' id='word_1_194' title='bbox 285 2333 350 2389; x_wconf 86' lang='lat' dir='ltr'>C.</span> <span class='ocrx_word' id='word_1_195' title='bbox 405 2344 536 2395; x_wconf 79' lang='grc' dir='ltr'><em>Νοεῖς</em></span> <span class='ocrx_word' id='word_1_196' title='bbox 563 2333 634 2396; x_wconf 75' lang='grc' dir='ltr'>τό,</span> <span class='ocrx_word' id='word_1_197' title='bbox 665 2358 715 2387; x_wconf 83' lang='grc' dir='ltr'>τε</span> <span class='ocrx_word' id='word_1_198' title='bbox 743 2334 867 2401; x_wconf 63' lang='grc' dir='ltr'><em>’γένος</em></span> <span class='ocrx_word' id='word_1_199' title='bbox 894 2333 974 2393; x_wconf 67' lang='grc' dir='ltr'>καὶ</span> <span class='ocrx_word' id='word_1_200' title='bbox 1000 2333 1070 2399; x_wconf 53' lang='grc' dir='ltr'>τι),</span> <span class='ocrx_word' id='word_1_201' title='bbox 1094 2335 1333 2406; x_wconf 63' lang='grc' dir='ltr'><em>πρᾶγμας</em></span> <span class='ocrx_word' id='word_1_202' title='bbox 1372 2335 1452 2389; x_wconf 70' lang='grc' dir='ltr'>καὶ</span> <span class='ocrx_word' id='word_1_203' title='bbox 1479 2335 1637 2406; x_wconf 72' lang='grc' dir='ltr'><em>μοὶλᾳ·</em></span> 
     </span>
     <span class='ocr_line' id='line_1_25' title="bbox 129 2424 1639 2497; baseline 0.001 -22"><span class='ocrx_word' id='word_1_204' title='bbox 129 2424 222 2494; x_wconf 84' lang='lat' dir='ltr'>(sic</span> <span class='ocrx_word' id='word_1_205' title='bbox 250 2425 388 2478; x_wconf 88' lang='lat' dir='ltr'>enim</span> <span class='ocrx_word' id='word_1_206' title='bbox 418 2425 739 2497; x_wconf 83' lang='lat' dir='ltr'>legendum).</span> <span class='ocrx_word' id='word_1_207' title='bbox 818 2425 921 2478; x_wconf 89' lang='lat' dir='ltr'>Sed</span> <span class='ocrx_word' id='word_1_208' title='bbox 950 2426 1017 2476; x_wconf 85' lang='lat' dir='ltr'>ab</span> <span class='ocrx_word' id='word_1_209' title='bbox 1050 2425 1145 2477; x_wconf 74' lang='lat' dir='ltr'>linc</span> <span class='ocrx_word' id='word_1_210' title='bbox 1187 2425 1394 2478; x_wconf 77' lang='lat' dir='ltr'>licentia</span> <span class='ocrx_word' id='word_1_211' title='bbox 1435 2445 1639 2496; x_wconf 87' lang='lat' dir='ltr'>prorsus</span> 
     </span>
     <span class='ocr_line' id='line_1_26' title="bbox 127 2513 1639 2581; baseline 0 -14"><span class='ocrx_word' id='word_1_212' title='bbox 127 2515 423 2568; x_wconf 85' lang='lat' dir='ltr'>abstinuere</span> <span class='ocrx_word' id='word_1_213' title='bbox 454 2528 678 2581; x_wconf 71' lang='lat' dir='ltr'>veteres;⁴</span> <span class='ocrx_word' id='word_1_214' title='bbox 713 2515 871 2567; x_wconf 88' lang='lat' dir='ltr'>semel</span> <span class='ocrx_word' id='word_1_215' title='bbox 900 2526 1104 2567; x_wconf 80' lang='lat' dir='ltr'>tantum</span> <span class='ocrx_word' id='word_1_216' title='bbox 1135 2516 1392 2567; x_wconf 82' lang='lat' dir='ltr'>senarium</span> <span class='ocrx_word' id='word_1_217' title='bbox 1422 2515 1489 2566; x_wconf 80' lang='lat' dir='ltr'>ab</span> <span class='ocrx_word' id='word_1_218' title='bbox 1519 2513 1639 2567; x_wconf 70' lang='grc' dir='ltr'>ὥστε</span> 
     </span>
     <span class='ocr_line' id='line_1_27' title="bbox 125 2603 1640 2677; baseline 0.001 -21"><span class='ocrx_word' id='word_1_219' title='bbox 125 2603 339 2675; x_wconf 74' lang='grc' dir='ltr'><em>μετέχειν</em></span> <span class='ocrx_word' id='word_1_220' title='bbox 361 2605 622 2659; x_wconf 87' lang='lat' dir='ltr'>inchoavit</span> <span class='ocrx_word' id='word_1_221' title='bbox 646 2605 1042 2677; x_wconf 80' lang='lat' dir='ltr'>AristophaneS,</span> <span class='ocrx_word' id='word_1_222' title='bbox 1072 2605 1214 2659; x_wconf 90' lang='lat' dir='ltr'>Plut.</span> <span class='ocrx_word' id='word_1_223' title='bbox 1241 2609 1367 2659; x_wconf 71' lang='lat'>345.</span> <span class='ocrx_word' id='word_1_224' title='bbox 1392 2605 1550 2664; x_wconf 85' lang='lat' dir='ltr'>semel</span> <span class='ocrx_word' id='word_1_225' title='bbox 1571 2605 1640 2657; x_wconf 85' lang='lat' dir='ltr'>ab</span> 
     </span>
     <span class='ocr_line' id='line_1_28' title="bbox 129 2691 1638 2769; baseline 0.001 -24"><span class='ocrx_word' id='word_1_226' title='bbox 129 2691 229 2746; x_wconf 82' lang='grc' dir='ltr'>οὔτε</span> <span class='ocrx_word' id='word_1_227' title='bbox 264 2691 357 2769; x_wconf 56' lang='grc' dir='ltr'>γάρ</span> <span class='ocrx_word' id='word_1_228' title='bbox 396 2694 417 2746; x_wconf 81' lang='grc' dir='ltr'>ὅ</span> <span class='ocrx_word' id='word_1_229' title='bbox 454 2692 612 2764; x_wconf 74' lang='grc' dir='ltr'><em>μισθδς</em></span> <span class='ocrx_word' id='word_1_230' title='bbox 649 2698 777 2747; x_wconf 79' lang='lat'>410.</span> <span class='ocrx_word' id='word_1_231' title='bbox 819 2696 908 2747; x_wconf 82' lang='lat' dir='ltr'>sed</span> <span class='ocrx_word' id='word_1_232' title='bbox 952 2706 1006 2747; x_wconf 86' lang='lat' dir='ltr'>et</span> <span class='ocrx_word' id='word_1_233' title='bbox 1050 2696 1159 2748; x_wconf 85' lang='lat' dir='ltr'>haec</span> <span class='ocrx_word' id='word_1_234' title='bbox 1204 2693 1459 2747; x_wconf 78' lang='lat' dir='ltr'>rarissima</span> <span class='ocrx_word' id='word_1_235' title='bbox 1499 2707 1638 2750; x_wconf 82' lang='lat' dir='ltr'>sunt.</span> 
     </span>
     <span class='ocr_line' id='line_1_29' title="bbox 132 2783 1640 2855; baseline 0.001 -19"><span class='ocrx_word' id='word_1_236' title='bbox 132 2783 294 2845; x_wconf 80' lang='lat' dir='ltr'>Quod</span> <span class='ocrx_word' id='word_1_237' title='bbox 338 2804 455 2836; x_wconf 83' lang='lat' dir='ltr'>vero</span> <span class='ocrx_word' id='word_1_238' title='bbox 498 2783 602 2835; x_wconf 80' lang='lat' dir='ltr'>(lixi</span> <span class='ocrx_word' id='word_1_239' title='bbox 626 2784 707 2835; x_wconf 85' lang='lat' dir='ltr'>de</span> <span class='ocrx_word' id='word_1_240' title='bbox 755 2784 1019 2855; x_wconf 79' lang='lat' dir='ltr'>particulis</span> <span class='ocrx_word' id='word_1_241' title='bbox 1073 2810 1123 2838; x_wconf 85' lang='grc' dir='ltr'>τε</span> <span class='ocrx_word' id='word_1_242' title='bbox 1173 2796 1225 2836; x_wconf 88' lang='lat' dir='ltr'>et</span> <span class='ocrx_word' id='word_1_243' title='bbox 1269 2809 1344 2852; x_wconf 71' lang='grc' dir='ltr'>γε,</span> <span class='ocrx_word' id='word_1_244' title='bbox 1401 2799 1640 2838; x_wconf 82' lang='lat' dir='ltr'>neutram</span> 
     </span>
     <span class='ocr_line' id='line_1_30' title="bbox 130 2875 1641 2949; baseline -0.001 -21"><span class='ocrx_word' id='word_1_245' title='bbox 130 2896 277 2948; x_wconf 88' lang='lat' dir='ltr'>posse</span> <span class='ocrx_word' id='word_1_246' title='bbox 305 2877 589 2930; x_wconf 83' lang='lat' dir='ltr'>secundam</span> <span class='ocrx_word' id='word_1_247' title='bbox 618 2876 766 2947; x_wconf 87' lang='lat' dir='ltr'>pedis</span> <span class='ocrx_word' id='word_1_248' title='bbox 795 2876 1049 2949; x_wconf 80' lang='lat' dir='ltr'>syllabam</span> <span class='ocrx_word' id='word_1_249' title='bbox 1082 2876 1209 2940; x_wconf 74' lang='lat' dir='ltr'>fieri,</span> <span class='ocrx_word' id='word_1_250' title='bbox 1252 2875 1302 2929; x_wconf 88' lang='lat' dir='ltr'>id</span> <span class='ocrx_word' id='word_1_251' title='bbox 1342 2877 1408 2929; x_wconf 86' lang='lat' dir='ltr'>de</span> <span class='ocrx_word' id='word_1_252' title='bbox 1442 2876 1641 2929; x_wconf 85' lang='lat' dir='ltr'>senario</span> 
     </span>
     <span class='ocr_line' id='line_1_31' title="bbox 111 2967 1642 3041; baseline -0.002 -21"><span class='ocrx_word' id='word_1_253' title='bbox 111 2969 324 3041; x_wconf 79' lang='lat' dir='ltr'>accipe.</span> <span class='ocrx_word' id='word_1_254' title='bbox 410 2969 563 3024; x_wconf 84' lang='lat' dir='ltr'>Adde</span> <span class='ocrx_word' id='word_1_255' title='bbox 593 2969 728 3041; x_wconf 89' lang='lat' dir='ltr'>quod</span> <span class='ocrx_word' id='word_1_256' title='bbox 756 2981 938 3023; x_wconf 79' lang='lat' dir='ltr'>neutra</span> <span class='ocrx_word' id='word_1_257' title='bbox 963 2969 1011 3021; x_wconf 88' lang='lat' dir='ltr'>in</span> <span class='ocrx_word' id='word_1_258' title='bbox 1041 2967 1303 3022; x_wconf 86' lang='lat' dir='ltr'>trochaico</span> <span class='ocrx_word' id='word_1_259' title='bbox 1328 2988 1472 3021; x_wconf 64' lang='lat' dir='ltr'>versu</span> <span class='ocrx_word' id='word_1_260' title='bbox 1498 2967 1642 3038; x_wconf 76' lang='lat' dir='ltr'>pedis</span> 
     </span>
     <span class='ocr_line' id='line_1_32' title="bbox 944 3063 968 3096; baseline 0 0"><span class='ocrx_word' id='word_1_261' title='bbox 944 3063 968 3096; x_wconf 71' lang='lat'>-1</span> 
     </span>
    </p>
   </div>
  </div>
 </body>
</html>
