1843 3198
213 222 282 256 xx
386 217 905 257 SUPPLEMENTUM
941 216 1024 251 AD
1058 215 1549 252 PRAEFATIONEM.

216 324 467 396 imprimis
495 323 775 377 studebam
799 341 810 373 ε
843 321 1076 394 regulam
1101 319 1263 391 igitur
1284 340 1450 373 meam
1474 321 1539 372 de
1563 318 1714 372 tertio

215 414 400 468 senarii
429 415 556 484 pede
583 412 833 464 stabilisse
864 424 1159 473 contentuS,
1189 426 1362 463 cetera
1404 410 1606 463 lectoris
1634 410 1715 462 ‚in-

214 504 428 558 dustriae
455 515 506 555 et
540 502 751 555 candori
781 501 1127 572 permiseram.

290 590 472 645 Unam
502 590 876 643 tantummodo
894 590 1249 661 exceptionem
1280 604 1456 643 notare
1479 589 1715 660 neglexe-

214 702 342 745 ram,
372 698 535 751 quam
564 692 708 732 nunc
736 680 913 751 paucis
938 680 1211 751 attingam,
1249 680 1312 730 de
1341 679 1558 750 propriis
1584 677 1717 729 scili-

211 781 297 824 cet
319 768 633 822 nominibus.
711 767 849 821 Sunt
869 768 1005 820 enim
1030 768 1238 820 nomina
1259 769 1519 841 quaedam,
1542 767 1715 840 qualia

209 857 414 934 Ἀερόπη,
441 857 687 924 Ἀντιγόνη,
713 855 970 923 Ἰφιγένεια,
1000 854 1260 927 Λαομέδων,
1291 876 1403 929 quae
1432 875 1492 908 ex
1521 855 1712 908 iambi-

212 949 283 1002 cis
309 962 362 1001 et
390 946 666 1000 trochaicis
687 945 919 999 versibus
941 947 1152 999 omnino
1176 946 1506 998 excludenda
1527 957 1715 1006 essent,

211 1039 348 1092 nisi*
372 1038 616 1110 anapaesti
637 1036 925 1108 aliquando
945 1037 1364 1089 admitterentur.
1445 1032 1597 1085 Hanc
1619 1031 1715 1103 igi-

211 1142 298 1183 tur
320 1131 520 1182 veniam
544 1128 777 1200 Tragicis
798 1127 1019 1179 libenter
1041 1143 1162 1177 cum
1181 1123 1460 1184 auditores,
1484 1135 1596 1174 tum
1616 1122 1715 1173 lec-

209 1229 363 1282 tores,
394 1219 772 1281 concedebant,
803 1230 863 1269 ut
888 1217 941 1271 in
968 1213 1148 1289 quavis
1185 1210 1368 1264 senarii
1407 1210 1548 1273 sede,
1591 1229 1715 1282 prae-

211 1323 290 1365 ter
307 1310 563 1374 ultimam,
586 1322 931 1382 anapaestum,
954 1304 1086 1359 utin
1108 1299 1288 1373 quavis
1305 1298 1554 1352 trochaici
1575 1300 1716 1358 sede,

211 1412 403 1473 praeter
427 1400 648 1453 mediam
678 1412 732 1453 et
770 1399 1030 1458 ultimam,
1070 1391 1341 1462 dactylum
1385 1402 1713 1462 usurparent.

209 1490 295 1544 Ac
321 1490 468 1543 nullo
495 1509 616 1542 sane
642 1488 936 1544 discrimine
963 1497 1015 1537 et
1044 1484 1095 1535 in
1123 1481 1344 1552 impares
1383 1492 1437 1531 et
1476 1480 1528 1532 in
1570 1498 1717 1550 pares

210 1581 398 1634 senarii
426 1580 565 1633 locos
593 1577 797 1651 propria
822 1576 1032 1630 nomina
1069 1572 1316 1632 inferunt,
1358 1581 1417 1622 ut
1443 1569 1564 1621 inde
1593 1588 1716 1622 con·

207 1670 351 1744 sequi
374 1683 568 1741 putem,
594 1667 865 1739 anapaestis
891 1666 942 1718 in
966 1663 1116 1717 tertia
1143 1674 1195 1714 et
1216 1674 1400 1734 quarta
1426 1661 1566 1724 sede,
1588 1679 1716 1731 prae—

209 1772 449 1831 terquam
485 1777 606 1811 cum
643 1757 740 1809 hac
767 1755 873 1807 sola
900 1753 1221 1824 exceptione,
1252 1763 1580 1820 temperasse.
1658 1749 1713 1802 Si

209 1851 344 1902 enim
366 1848 483 1919 jure
512 1867 608 1900 suo
635 1858 926 1917 anapaestos
954 1844 1025 1895 ibi
1053 1842 1300 1894 adbibere
1329 1852 1585 1911 poterant,
1625 1840 1714 1892 de·

209 1939 410 1991 bebant
450 1937 522 1988 ita
560 1936 894 1996 distribuere,
937 1946 992 1985 ut
1037 1950 1182 2004 pares
1228 1930 1366 1982 locos
1406 1930 1712 2001 effugerent.

210 2028 402 2083 Cetera
445 2028 672 2090 nomina,
712 2025 764 2078 in
807 2024 1000 2096 quibus
1041 2022 1269 2077 occurrit
1307 2033 1598 2092 anapaestus
1639 2021 1716 2073 rel

210 2119 471 2191 dactylus,
501 2136 623 2170 cum
652 2135 755 2168 non
784 2115 1100 2168 ineluctabili
1131 2114 1434 2167 necessitate
1474 2114 1532 2166 iis
1572 2114 1715 2185 pedi-

210 2210 313 2262 bus
337 2209 412 2261 uti
449 2218 775 2278 cogerentur,
815 2204 1083 2257 debebant
1120 2204 1326 2276 quidem
1368 2202 1438 2255 ita
1481 2204 1715 2256 versibus

211 2300 458 2361 intexere,
499 2309 559 2350 ut
599 2307 887 2366 anapaestus
927 2294 979 2347 in
1021 2293 1247 2346 diversos
1291 2293 1446 2363 pedes
1494 2291 1714 2345 disseca-

214 2401 369 2443 retur.

213 2516 335 2587 Iph.
367 2516 438 2568 A.
463 2518 588 2575 507.
619 2510 734 2565 Αἶνῶ
759 2533 829 2570 σε,
858 2507 983 2562 ΜειηεΙ
1010 2508 1019 2582 Ι
1052 2506 1132 2561 λα’
1155 2505 1226 2560 ’ὅτι
1243 2507 1375 2600 παραὶ
1393 2508 1573 2579 «γνώμην
1592 2507 1715 2580 ἔμῆν.

216 2590 313 2645 Or.
342 2594 470 2652 490.
510 2584 640 2641 Ἐπεὶ
667 2585 760 2661 ’γάρ
785 2582 1042 2650 ἐξέπνευσεν
1067 2582 1190 2649 Ἀ’γοι
1223 2580 1232 2654 Ι
1263 2606 1436 2653 μεμνων
1461 2584 1577 2644 βίον.

214 2664 315 2718 Ph.
351 2669 507 2724 1371.
539 2662 623 2716 ΨΩ
650 2661 822 2730 τλῆμον
847 2655 931 2711 οἷον
956 2655 1124 2733 τέρμον’
1149 2655 1207 2710 'Io
1239 2654 1250 2729 Ι
1281 2656 1436 2721 κάει-τη
1461 2656 1589 2719 βίου.

269 2817 290 2847 ⁵¹⁵
322 2826 421 2865 Cum
439 2830 597 2875 propter
615 2821 858 2867 brevitatem,
875 2819 924 2858 de
941 2819 1159 2859 Trochaico
1175 2820 1350 2873 loquens,
1362 2826 1598 2872 anapaestum
1614 2819 1720 2866 dico,

214 2892 338 2931 lector
353 2902 504 2941 semper
523 2888 571 2926 de
600 2888 749 2928 duabus
776 2885 921 2939 dactyli
950 2885 1105 2939 syllabis
1135 2898 1225 2926 cum
1249 2884 1445 2938 sequentis
1466 2884 1576 2938 pedis
1602 2884 1719 2936 longa

217 2955 431 3009 conjunctis
449 2952 657 3004 intelligat,
