1891 3230
353 535 901 600 ΕὙΡΙΠΙΔΟΤ
962 535 1382 599 ΜΗΔΕΙΑ.

624 953 1120 999 ΤΡΟΦΟΣ.

194 1095 290 1150 Εἴθ’
314 1092 449 1159 ὤφελ’
475 1092 658 1186 Ἀένγοῧς
680 1092 749 1162 μὴ
773 1087 1058 1144 ὃιαπ-ὶοῖσθαι
1086 1088 1281 1154 σκάφος,

193 1169 390 1236 Κόλχων
416 1166 458 1228 ἔς
482 1191 606 1229 octav,
633 1163 822 1226 κυανέας
850 1162 1223 1234 Συμπληγάδας,

173 1323 208 1355 1.
237 1316 381 1354 Totum
406 1314 549 1361 locum,
579 1321 622 1353 ut
649 1313 697 1352 ab
718 1312 845 1351 Ennio

117 1382 249 1409 versus
268 1375 339 1415 est,
368 1367 608 1407 conservavit
627 1368 779 1406 Auctor
798 1366 848 1404 ad

119 1423 366 1462 Herennium
394 1421 449 1462 11.
481 1423 546 1461 22.
574 1433 695 1472 prope
723 1427 848 1458 totum

119 1476 338 1516 Priscianus
357 1474 406 1512 de
429 1474 599 1513 versibus
619 1473 787 1519 comicis,
808 1487 848 1524 p.

123 1531 240 1576 1325,
259 1532 320 1567 15.
347 1528 499 1567 Utinam
511 1541 556 1565 ne
569 1530 608 1565 in
623 1540 765 1565 nemore
778 1527 850 1565 Pe-

120 1581 172 1622 lio
183 1581 367 1622 securibus
376 1581 477 1620 Coesa
489 1580 681 1619 accidisset
691 1580 850 1632 abiegna

121 1637 174 1674 ad
190 1641 329 1674 terram
342 1634 487 1677 trabes;
519 1635 624 1673 Neve
641 1634 729 1672 inde
746 1634 851 1671 navis

121 1688 333 1728 inchoandae
350 1687 539 1726 exordium
562 1688 754 1740 Coepisset,
773 1700 852 1739 quoe

122 1755 221 1780 nunc
239 1741 452 1780 nominatur
470 1742 614 1780 nomine
630 1741 748 1792 Argo,
778 1753 852 1792 qua

123 1796 215 1835 vecti
229 1794 367 1846 Argivi
381 1793 509 1833 delecti
523 1795 596 1833 viri
609 1795 794 1833 Petebant
808 1791 852 1830 il-

121 1849 197 1888 lam
200 1849 333 1901 pellem
342 1848 551 1886 inauratam
560 1845 852 1892 arietiscolchis,

120 1902 277 1954 imperio
288 1902 386 1951 regis
395 1900 586 1954 Pelioeper
592 1900 715 1939 dolum
724 1915 736 1938 :
752 1901 854 1938 Nam

123 1968 311 2007 nunquam
325 1954 414 1992 hera
430 1968 561 1993 errans
580 1967 659 1992 mea
677 1953 783 1993 domo
796 1953 853 2003 ‹ff-

106 2010 242 2062 ferret
250 2009 397 2060 pedem‚
417 2008 572 2055 Medea,
594 2007 719 2046 animo
741 2020 854 2059 oegra,

124 2075 248 2101 amore
265 2075 358 2100 saevo
374 2065 513 2100 saucia.
569 2061 668 2109 (Ubi
699 2061 857 2113 Cepisset

126 2116 262 2166 legunt
287 2115 347 2153 M.
369 2116 419 2153 Α.
444 2114 625 2153 Muretus
644 2114 693 2153 ad
713 2113 855 2153 Catuli.

127 2169 253 2207 LXV.
262 2168 344 2206 init.
356 2176 395 2207 et
407 2168 462 2207 H.
475 2168 695 2220 Stephanus
704 2167 856 2219 Fragm.

129 2229 207 2260 vet.
220 2221 332 2259 Poe't.
347 2223 431 2260 Lat.
445 2237 485 2274 p.
508 2225 593 2260 118.
640 2222 718 2260 Sed
737 2222 858 2260 altera

130 2274 247 2313 lectio
265 2274 425 2313 fortasse
440 2276 596 2314 defendi
609 2277 766 2327 potest.)

185 2328 414 2367 διαπτᾶσθαι,
468 2329 531 2368 Sic
558 2329 753 2381 pleraeque
781 2329 861 2367 edi-

133 2381 256 2419 tiones
265 2388 340 2418 tam
350 2381 496 2428 Nostri,
507 2395 620 2434 quam
635 2382 863 2434 Aristopha-

132 2434 189 2471 nis
211 2435 313 2473 Ran.
334 2437 448 2474 1429.
476 2435 621 2473 Verum
645 2444 727 2475 tum
743 2436 862 2474 debe-

133 2489 199 2526 bat
219 2500 302 2526 esse
321 2488 496 2535 verbum,
517 2490 691 2538 πτάομαι,
706 2495 862 2539 mimas,

134 2541 239 2592 quod
259 2541 406 2579 nullum
425 2549 498 2580 est.
555 2543 677 2581 Attici
696 2542 797 2581 enim
823 2543 861 2580 in

134 2594 312 2647 praesenti
325 2594 510 2633 adhibent
521 2599 681 2642 πέτομαι,
694 2597 862 2645 πέταμαι,

134 2649 174 2686 in
207 2647 349 2687 aoristo
383 2650 539 2697 ἐπτόμην,
566 2650 732 2696 ἐπτάμην,
766 2662 862 2700 quo-

136 2714 220 2740 rum
235 2701 340 2753 prius
355 2701 408 2741 ita
423 2701 704 2753 praeferendum
715 2702 864 2751 judico,

136 2763 180 2794 ut
194 2762 332 2793 contra
349 2755 533 2794 librorum
553 2763 684 2793 tamen
705 2767 868 2794 consen-

135 2821 220 2846 sum
245 2809 340 2846 nihil
361 2816 545 2847 mutetur.
603 2808 727 2846 Recte
752 2808 869 2859 igitur

135 2864 328 2911 ἀιιπτόμαν
353 2863 474 2901 edidit
495 2861 712 2901 Brunckius
734 2861 772 2900 in
803 2861 872 2900 So-

136 2914 265 2966 phocl·
279 2915 346 2966 Aj.
363 2920 454 2957 693·
466 2916 545 2966 (ubl
561 2917 743 2967 ἀνεπτόμην
760 2915 869 2955 suld-

900 1311 994 1350 MS.
1015 1311 1061 1350 C.
1082 1311 1130 1350 C.
1153 1310 1201 1349 C.
1231 1311 1310 1349 Ox.
1337 1308 1376 1346 in
1402 1321 1442 1348 v.
1473 1308 1628 1362 ξ’φςιξω.)

900 1364 1000 1403 male
1019 1370 1223 1413 προσέπτετο
1243 1363 1338 1402 ibid.
1351 1365 1444 1400 282.
1476 1364 1522 1401 In
1544 1364 1632 1401 Ari·

900 1418 1030 1470 stoph.
1047 1419 1120 1457 Av.
1140 1420 1225 1456 118.
1241 1425 1348 1456 recte
1362 1415 1543 1463 Beckius‚
1559 1415 1631 1454 Καὶ

902 1474 962 1518 ’γῆν
989 1473 1133 1509 ἐπέπτου
1159 1470 1218 1509 καὶ
1243 1470 1430 1508 θάλατταν
1455 1472 1481 1506 ἐν
1509 1470 1631 1519 κύκλῳ,

903 1532 1010 1562 recte
1029 1523 1144 1563 etiam
1166 1523 1383 1562 Brunckius
1402 1523 1494 1564 789.
1515 1524 1634 1561 ἐκπτό-

904 1595 1009 1628 μενος,
1027 1585 1071 1616 ut
1089 1590 1110 1615 e
1131 1577 1222 1616 MS.
1239 1577 1335 1615 Rav.
1350 1575 1514 1614 edidisse
1529 1576 1634 1614 vide-

906 1639 969 1670 tur
980 1630 1230 1669 Invernizius.
1243 1630 1418 1675 ’Ἰπταμαι
1431 1642 1522 1668 vero
1534 1629 1634 1668 Atti-

907 1685 962 1723 cis
980 1684 1117 1737 opinor
1137 1697 1293 1736 prorsus
1316 1682 1432 1721 fuisse
1458 1682 1636 1734 incogni-

906 1745 1004 1777 tum.
1060 1738 1269 1788 Nunquam
1288 1749 1380 1776 sane
1407 1736 1578 1775 occurrit
1595 1736 1635 1773 in

905 1791 1105 1844 praesenti3
1126 1790 1328 1843 aliquoties
1339 1790 1378 1827 in
1394 1789 1636 1842 imperfecto,

905 1845 975 1884 sed
987 1844 1186 1896 ubiaptius
1199 1843 1450 1896 responderet
1462 1843 1638 1889 aoristus,

908 1906 952 1937 ut
964 1898 1052 1951 lph.
1072 1900 1123 1936 A.
1144 1899 1257 1938 1617.
1271 1899 1465 1945 ἀφίπτατο.
1486 1896 1637 1948 Polyid-

908 1952 1044 2002 fragm.
1071 1951 1175 2003 apud
1198 1950 1441 1989 Valckenaer.
1472 1949 1640 1988 Diatrib.

909 2020 947 2058 p.
961 2008 1050 2045 201.
1064 2005 1129 2044 ubi
1142 2005 1306 2057 primum
1319 2012 1377 2042 est
1393 2005 1535 2051 ἵπτατο,
1547 2016 1640 2041 mox

911 2060 1052 2098 ἔπτατο.
1107 2059 1153 2096 In
1179 2058 1268 2110 Iph.
1290 2059 1337 2096 A.
1359 2061 1448 2096 801.
1477 2054 1516 2099 ὦς
1540 2057 1640 2106 ἔτυχε

911 2110 994 2152 Ab&
1010 2112 1099 2164 b'gne'
1119 2117 1304 2163 ἴπταμένῳ,
1323 2111 1452 2150 literas
1471 2111 1571 2148 male
1586 2110 1643 2148 (11·

910 2167 1008 2205 visas
1030 2165 1126 2204 vidit
1141 2165 1408 2204 Marklandus.
1449 2163 1573 2216 Lege,
1603 2162 1642 2206 ῶς

913 2221 1029 2269 ἔτυχεν
1050 2219 1147 2260 Avida.
1173 2217 1326 2269 μιχθεΐσ’
1348 2218 1441 2271 dgna&
1467 2221 1642 2269 πταμένῳ.

913 2276 1039 2317 Quam
1051 2272 1165 2311 facile
1180 2280 1308 2311 autem
1325 2273 1410 2310 haec
1423 2279 1644 2323 permuten-

915 2337 989 2375 tur,
1006 2326 1193 2378 exemplis
1206 2327 1369 2378 patebit.
1421 2326 1545 2363 Recte
1565 2325 1645 2362 edi-

915 2390 978 2419 tur
994 2380 1138 2418 Electr.
1159 2383 1250 2419 949.
1275 2377 1435 2426 ἐξέπτατ’
1453 2379 1558 2424 οἴκων,
1577 2378 1646 2416 sed

918 2436 1060 2474 Sextus
1091 2433 1309 2484 Empiricus
1336 2432 1422 2470 adv.
1453 2432 1645 2470 Mathem.

918 2489 988 2526 XI.
1008 2491 1076 2527 54.
1096 2487 1215 2525 habet
1235 2485 1392 2533 ἐξίπτατ’
1411 2485 1512 2522 οἴκων.
1543 2486 1648 2523 Con-

916 2542 974 2581 fer
997 2543 1072 2580 Av.
1098 2544 1162 2580 35.
1194 2554 1281 2578 cum
1306 2539 1416 2578 Suid.
1441 2552 1476 2575 v.
1506 2540 1647 2587 ἀμφοῖν.

918 2595 1077 2647 Optime
1093 2594 1200 2633 dedit
1213 2593 1427 2631 διαπτάσθαι
1444 2593 1649 2638 Kusterus,

919 2649 982 2687 cui
1014 2648 1207 2686 accedunt
1239 2646 1415 2685 Lascaris
1447 2654 1487 2684 ct
1516 2644 1653 2684 Eusta-

920 2702 1022 2741 thius
1038 2701 1087 2739 ad
1099 2702 1144 2739 11.
1159 2710 1202 2740 Δ.
1216 2714 1253 2751 ρ.
1268 2703 1359 2744 452,
1378 2702 1572 2746 33:344,
1585 2702 1653 2739 25.

922 2765 961 2794 E.
970 2758 1062 2801 526,
1071 2754 1329 2799 ult.=399,4.
1340 2753 1655 2800 Od.A.1419‚49

924 2810 1111 2855 =59‚38.
1132 2806 1315 2846 Similiter
1336 2806 1515 2844 errabant
1534 2819 1657 2857 gram-

925 2862 1152 2900 maticorum
1166 2868 1341 2899 veterum
1360 2859 1548 2907 nonnulli,
1568 2873 1656 2899 cum

925 2916 1061 2964 φάσθαι
1102 2913 1204 2967 apud
1250 2914 1463 2954 Homerum
1505 2931 1658 2966 προπεφ-
